3746 5536
763 491 787 542 3.
806 489 985 543 aramma.
1467 489 1527 557 13*

218 655 299 739 θεὸς
320 653 341 744 ἡ
365 652 502 725 τούτων
525 649 639 741 ἡδονή.
683 655 784 722 ἔνθεν
807 649 849 722 τά
870 651 1045 743 Δήμητρος
1060 659 1115 723 καὶ
1133 652 1351 742 Φερεφάττης
1365 647 1529 742 μυστήρια

217 763 273 827 καὶ
289 754 401 845 Κόρης
423 750 557 841 άρπαγὴ
580 747 647 822 ῦπδ
662 747 848 833 Ἀϊδωνέως
863 759 918 821 καὶ
936 751 1041 823 πάλιν
1057 748 1077 841 ἦ
1092 751 1219 841 ταύτης
1233 749 1398 832 ἀνάδοσις.
1428 754 1528 822 ἔνθεν

220 854 383 927 Διονύσου
414 859 547 924 τελεταὶ
579 859 634 921 καὶ
666 851 853 938 νικώμενος
873 847 1035 940 Ἡρακλῆς
1058 849 1105 933 τός
1134 849 1201 922 δπό
1224 859 1423 939 κρείττονος
1445 856 1530 923 θεοῦ

220 963 281 1045 τῆς
302 963 418 1043 μέθης,
440 955 541 1022 ἔνθεν
557 946 705 1038 Ἔρωτος
726 958 782 1020 καὶ
803 946 1003 1040 Ἀφροδίτης
1026 944 1122 1038 ὄργια
1143 951 1285 1040 μοιχικά.
1329 955 1430 1021 ἔνθεν
1448 951 1530 1033 Ζείις

220 1052 323 1136 αύτὸς
344 1057 604 1142 γυναικομανῶν
624 1055 680 1119 καλ
704 1049 923 1140 Γανυμήδους
945 1055 1043 1138 ἐρῶν,
1075 1047 1275 1140 φιληδόνων
1298 1077 1335 1120 τε
1357 1057 1454 1120 θεῶν
1474 1057 1530 1120 καὶ
1566 1063 1582 1117 5

221 1160 432 1241 φιλοπαθῶν
453 1147 576 1239 ἀσελγῆ
597 1146 721 1237 μύθων
744 1144 998 1239 άναπλάσματα.
1040 1161 1150 1218 τούτων
1163 1158 1188 1217 δ’
1208 1151 1241 1232 ἦν
1254 1157 1392 1218 ἁπάντων
1404 1159 1532 1228 θάνατος

222 1254 318 1323 αἴτιος.
353 1254 434 1321 τέλος
451 1253 507 1325 γὰρ
524 1254 575 1309 καὶ
592 1251 754 1307 συντέλειαν
771 1260 823 1308 τσῦ
840 1252 948 1319 παντὸς
964 1253 1043 1309 λύσιν
1061 1273 1091 1311 τε
1109 1256 1158 1311 καί
1175 1254 1339 1326 διαφθορὰν
1356 1263 1413 1311 τῶν
1431 1263 1531 1327 ψυχῶν

222 1339 295 1410 ὁμοῦ
312 1343 436 1396 καὶτῶν
455 1334 596 1408 σωμάτιον
612 1332 743 1392 θάνατον
760 1339 864 1406 καὶμὴ
889 1332 990 1408 ἑτέραν
1008 1337 1025 1408 ἢ
1042 1341 1094 1408 την
1112 1348 1163 1395 τοῦ
1181 1336 1315 1408 σώματος
1331 1344 1380 1396 καί
1397 1347 1447 1408 τῆς
1465 1359 1531 1410 σαρ-

224 1425 275 1491 κδς
294 1427 368 1493 ζωὴν
386 1419 460 1480 εἶναι
476 1423 653 1492 νομίσαντες,
671 1423 735 1493 βίον
753 1419 846 1490 πάσης
863 1430 921 1478 τῶν
939 1421 1052 1495 ἀλόγων
1065 1421 1148 1492 ζώων
1159 1424 1270 1493 φάσεως
1281 1427 1400 1495 χείρονα
1412 1429 1518 1496 διῆγον.

304 1501 364 1588 σῦς
389 1503 430 1594 δὴ
456 1499 659 1590 κατελεήσας
687 1498 706 1574 δ
733 1503 959 1590 παμβασιλείας
981 1509 1043 1574 τοῦ
1067 1511 1153 1577 θεοῦ
1179 1502 1290 1594 λόγος,
1318 1520 1534 1590 (τῷτοῡφιλαν
1552 1521 1585 1576 10

223 1615 346 1688 θρώπου
363 1615 474 1686 πατρὸς
491 1614 621 1685 νεύματι)
638 1607 692 1673 ἐπὶ
708 1602 773 1692 τὴν
789 1601 920 1692 ἄμυναν
942 1605 1109 1688 έσπευσεν,
1132 1601 1196 1675 εἶθ’
1219 1604 1276 1677 σία
1290 1608 1443 1692 βασιλεῦς
1459 1621 1534 1696 φιλ-

223 1701 499 1794 ανθρωπότατος
522 1703 584 1776 τὸν
606 1702 694 1775 κατά
718 1709 780 1773 τοῦ
803 1703 962 1774 θανάτου
981 1705 1117 1791 ἔλεγχον
1136 1701 1178 1773 δι’
1194 1701 1386 1796 ἀνθρώπου
1401 1708 1535 1793 φύσεως

225 1811 430 1895 ἐμηχανᾶτο,
458 1803 526 1894 ζωὴ
553 1811 613 1893 μὲν
640 1799 743 1884 αύτὸς
765 1801 944 1889 τυγχάνων
966 1809 1021 1873 καὶ
1044 1809 1129 1873 θεοῦ
1156 1803 1259 1893 λόγος
1286 1815 1342 1877 καὶ
1369 1815 1455 1879 θεοῦ
1481 1808 1535 1879 δύ-

225 1934 330 1994 ναμις,
362 1899 436 1976 ἀλλ’
469 1901 510 1976 οῦ
531 1909 605 1993 δίχα
628 1907 691 1974 τοῦ
716 1906 954 1991 βσηθσυμένου
976 1901 1017 1972 τὸ
1041 1900 1336 1992 τῶνάνθρώπων
1359 1905 1535 1998 φόβητρον

224 2010 385 2092 διελέγξαι
414 2011 539 2092 κρίνας.
582 2001 635 2074 διὸ
667 1999 708 2090 δὴ
739 1994 838 2090 ὅπλῳ
866 2001 1074 2091 χρησάμενος
1105 1999 1312 2094 ἀνθρωπείῳ
1334 2013 1389 2076 καλ
1412 2015 1534 2099 θνητῷ
1554 2019 1587 2072 15

225 2105 356 2194 σώματι
379 2099 397 2174 δ
422 2099 611 2190 ἀσώματος,
644 2099 709 2171 τόν
739 2099 896 2170 θάνατον
927 2101 981 2170 διὰ
1012 2107 1075 2171 τοῦ
1104 2109 1238 2191 θνητοῦ
1266 2114 1536 2193 κατηγωνίσατο.

227 2205 323 2273 (ἔνθεν
343 2205 411 2263 αάτδ
430 2205 463 2261 τδ
482 2213 598 2275 πρῶτον
615 2212 667 2260 τοῦ
685 2201 820 2272 σώματος
831 2205 988 2274 μυστήριον
998 2203 1230 2273 κατεσκευάζετο,
1249 2201 1333 2263 ἔνθεν
1345 2207 1378 2264 τὸ
1391 2217 1442 2264 τοῦ
1454 2227 1536 2266 σταυ-
1622 2248 1625 2254 ,

227 2301 280 2362 ροῦ
296 2292 444 2365 τρόπαιον,
463 2286 547 2346 ἔνθεν
564 2291 581 2360 η
599 2295 648 2358 τῆς
667 2284 817 2345 ἀθανάτου
835 2291 884 2343 καλ
902 2287 1020 2342 αἰωνίου
1038 2291 1111 2356 ζωῆς
1127 2292 1223 2360 μνήμη
1244 2288 1415 2362 »ἀνάμνησις
1434 2292 1535 2352 αὐτοῖν

226 2384 434 2456 ἐχρημάτιζον
457 2377 579 2461 θνητῷ
590 2369 652 2457 γὰρ
663 2363 761 2458 όιιλῳ
771 2375 971 2458 κεχρημένος
980 2375 1034 2440 καί
1044 2375 1127 2458 μέγα
1136 2377 1250 2458 θαῦμα
1260 2379 1445 2455 τολςπῦσιν
1455 2372 1537 2448 ἀπσ-

227 2481 343 2561 δείξας,
365 2471 533 2563 τρόπαιον
555 2466 742 2551 ἀθανασίας
756 2468 844 2539 κατὰ
861 2475 923 2540 τοῦ
938 2475 1093 2540 θανάτου
1108 2469 1173 2555 [διὰ
1189 2478 1251 2541 τοῦ
1266 2481 1401 2560 θνητοῦ
1417 2469 1537 2564 όπλου]
1556 2486 1590 2540 20

227 2579 372 2664 ἔστησεν.
401 2569 494 2662 ἠφίει
515 2568 660 2658 μὲνγὰρ
683 2567 724 2640 τό
740 2566 874 2657 θνητόν
896 2573 942 2650 είς
962 2567 1070 2655 βοράν
1091 2576 1142 2660 τῷ
1158 2578 1280 2659 θηρίῳ,
1303 2573 1344 2644 τό
1367 2571 1396 2642 δ
1417 2573 1538 2647 αῦτίκα

230 2681 280 2764 τῷ
303 2677 399 2763 ίκρίῳ
420 2675 637 2759 προσηλοῦτο
661 2663 985 2756 άνασταυρούμενον,
1008 2665 1056 2750 αἱς
1078 2665 1120 2738 ἀν
1136 2688 1208 2750 τοῖς
1223 2677 1327 2743 πᾶσιν
1342 2670 1362 2760 ἡ
1378 2680 1441 2743 τοῦ
1458 2685 1539 2765 θνη-

231 2779 294 2845 τοῦ
315 2777 520 2862 γνωρισθείη
542 2767 640 2856 φύσις
662 2773 744 2857 μηδέ
756 2796 832 2838 τινα
848 2764 952 2840 λάθοι
967 2766 1008 2838 τό
1023 2767 1263 2856 πραττόμενον
1278 2769 1323 2860 μὴ
1338 2767 1540 2861 ἀνθρώπων

121 2891 210 2945 Σ115
229 2873 273 2964 μὴ
296 2869 467 2962 δαιμόνων
488 2883 540 2951 <μὴ
557 2877 705 2950 δυνάμεων
722 2879 917 2952 κρειττόνων).
961 2872 1062 2956 ἐχρῆν
1089 2867 1151 2956 γάρ
1176 2865 1309 2953 πάντας
1330 2866 1476 2958 ἀκριβῶς
1499 2875 1539 2946 τὸ

229 2971 364 3064 θνητὸν
394 2977 479 3043 ἰδεῖν
509 2969 557 3052 οῦς
587 2975 624 3041 έν
646 2979 791 3060 μεγίστῳ
814 2967 952 3057 θεάτρῳ
981 2964 1045 3052 τὴν
1067 2971 1194 3037 οἰκείαν
1216 2964 1408 3059 ὁμολογοῦν
1431 2972 1539 3059 φύσιν,
1558 2989 1591 3042 25

314 3127 544 3197 8vg1.1212a
579 3124 687 3181 10-21
707 3149 739 3165 =
757 3123 870 3178 Cramer
887 3125 917 3192 (e.
936 3139 993 3177 vor.
1011 3122 1047 3189 S.)
1085 3123 1122 3178 18
1140 3123 1197 3191 rgl.
1215 3122 1274 3178 Luk
1292 3126 1386 3180 22191
1404 3128 1461 3180 Kor
1479 3130 1542 3183 1114

316 3246 331 3299 l
352 3243 536 3316 Φερεφάττης
553 3245 575 3299 L
593 3243 798 3311 ΡενετμίισνιεΣ
832 3243 849 3296 2
869 3237 923 3295 ἀπὸ
942 3236 1091 3306 Ἀϊδωνέως
1108 3241 1129 3294 L
1146 3259 1200 3293 και
1223 3241 1364 3296 ίίιιίονιεοίί
1382 3245 1410 3296 Σ
1453 3246 1471 3300 5
1491 3245 1541 3302 αὐ.

230 3345 280 3412 τδς
297 3355 331 3404 <
349 3347 377 3398 Σ
408 3348 481 3402 6-9
505 3346 566 3400 Uar
582 3347 651 3400 aller
667 3346 755 3399 δίεσιν
766 3343 874 3412 (θέημα)
893 3342 1012 3397 Πνεαοίιο
1028 3359 1087 3396 war
1103 3341 1151 3394 δαν
1166 3343 1223 3397 Τοδ.
1258 3343 1338 3396 Dema
1355 3346 1396 3398 είο
1405 3347 1539 3414 strehlen,

230 3447 286 3514 ‹lass
312 3447 362 3500 dae
380 3447 457 3501 ande
481 3449 540 3500 τιαιί
564 3447 608 3501 die
631 3447 796 3514 Vellenduny
820 3446 866 3498 dee
883 3445 956 3510 Αίίε,
982 3445 1026 3498 δία
1044 3445 1198 3512 ΑιιῙίδειιπμ
1214 3445 1273 3498 und
1295 3445 1479 3516 Vemielrturrq
1495 3449 1543 3504 der

233 3550 323 3602 Areten
339 3549 436 3601 αιιαιοί
451 3550 510 3602 und
530 3549 577 3603 der
594 3549 690 3602 Leiber
711 3549 759 3602 der
779 3547 833 3601 rod
854 3547 896 3600 rei
912 3546 972 3600 τιττδ
987 3545 1044 3612 dass
1062 3563 1089 3599 ee
1107 3546 1169 3598 kern
1186 3547 1298 3600 οιιδενοε
1315 3547 1403 3600 Ιπίιεπ
1417 3549 1480 3616 ρεδτ
1497 3551 1542 3604 alr

230 3651 280 3705 dae
299 3650 344 3704 dee
356 3649 450 3704 Leibes
462 3651 520 3704 μιαί
530 3651 576 3704 διε
587 3651 708 3719 Κδιῳονε
721 3649 805 3718 (ανδ)
817 3648 930 3716 [ἀλινίιιι
941 3648 988 3700 ein
999 3647 1086 3700 aaran
1103 3647 1246 3702 εοίιίιοίιίοτ
1263 3649 1304 3702 ale
1314 3649 1375 3717 jede
1387 3650 1480 3704 Νολιιν
1496 3653 1544 3706 der

232 3753 463 3820 αιτυοιιιτλιιμιζηαο
477 3751 552 3805 Τιίτε
570 3753 598 3804 Σ
607 3761 640 3812 <
653 3752 709 3806 AL
745 3753 784 3806 10
802 3749 997 3822 παμβασιλείας
1012 3779 1044 3788 -
1063 3753 1134 3805 θεοῦ
1152 3751 1180 3803 Σ
1195 3750 1307 3806 Cramer
1323 3760 1357 3810 <
1374 3753 1399 3806 A
1435 3754 1485 3809 10.
1505 3754 1541 3811 ll

234 3859 273 3926 τῷ
291 3882 325 3892 -
342 3851 460 3920 νεύματι
477 3854 533 3920 auf
545 3853 596 3907 δωι
621 3853 702 3907 Wr'rrk
718 3855 766 3907 der
781 3851 1004 3906 Freundlieklrar't
1020 3852 1108 3904 ειίοοε
1132 3851 1226 3905 Valere
1245 3853 1273 3904 Σ
1287 3861 1320 3912 <
1338 3853 1363 3906 A
1416 3855 1454 3910 11
1472 3859 1545 3912 θεοῦ

236 3956 264 4007 Σ
280 3953 338 4008 Mai
355 3955 467 4009 Cramer
484 3963 517 4014 <
535 3958 559 4008 A
647 3956 684 4011 15
702 3956 809 4028 κρίνας]
828 3953 933 4008 macha
951 3955 979 4006 Σ
1057 3953 1171 4009 17-19
1189 3953 1281 4008 Dalm
1298 3955 1388 4007 τσννιίο
1405 3956 1467 4009 eren
1485 3959 1545 4011 seir

233 4061 316 4110 ονείοι
333 4057 500 4124 Mysia-ium
517 4057 562 4109 des
580 4057 674 4110 laeibee
689 4057 825 4125 ηαπαιίτε,
847 4056 931 4110 δαίων
952 4056 1002 4110 das
1022 4054 1222 4124 Sieyeexer'ehen
1243 4056 1289 4109 des
1306 4055 1439 4122 Kreures,
1461 4060 1545 4114 δαίων

231 4174 348 4224 ,vetrana
364 4159 408 4224 (ε
423 4159 608 4228 χρηματίζειν
633 4158 961 4226 ωἰθτει·ε1ειαδεπ1)εει“π
982 4157 1145 4211 Germanis
1167 4157 1211 4210 δύο
1233 4158 1412 4228 Ετίιιιιαναιῳ
1435 4178 1473 4213 οη
1494 4163 1545 4216 dae

233 4259 419 4325 κιιείετδίίοίιο,
431 4261 511 4327 οιοιῳι
520 4260 614 4314 Ιιοδοιι.
640 4261 718 4314 Derm
729 4261 788 4314 ετίιε
799 4261 940 4314 είενδίίοίιο
954 4259 1041 4328 Waffe
1050 4257 1209 4326 Ιηεδναιιοίιίο
1219 4276 1249 4310 er
1261 4261 1328 4318 Σ<
1338 4265 1362 4314 Α
1398 4264 1437 4318 19
1449 4268 1545 4337 θνητῷ

234 4390 266 4398 -
285 4357 461 4431 κεχρημένος
483 4362 594 4418 Cramer
606 4363 635 4415 Σ
715 4362 782 4427 ἱκαλ
800 4393 832 4400 -
851 4360 1002 4428 ἀποδείξας
1028 4365 1051 4414 A
1064 4361 1092 4413 Σ
1113 4357 1268 4427 (ἀπέδειξεν
1286 4365 1310 4413 A
1329 4357 1479 4430 ἀποδείξας
1497 4367 1545 4436 Gr)

236 4462 276 4516 20
293 4459 483 4529 τρόπαιον-
504 4458 619 4532 ἔστησεν
637 4462 749 4517 Cramer
767 4464 795 4516 Σ
825 4461 935 4531 Ιδιά-
953 4459 1043 4519 δπλσυ
1061 4467 1085 4516 Α
1104 4472 1137 4520 <
1156 4462 1268 4516 Cramer
1286 4463 1314 4514 Σ
1347 4464 1385 4518 21
1405 4467 1546 4532 στήσαςΔ

237 4564 276 4618 22
294 4567 495 4634 προσηπλοῦτο
513 4567 538 4620 A
555 4566 646 4618 warde
663 4565 782 4632 beseetiqt
800 4567 828 4617 Σ
913 4566 951 4621 24
970 4567 1008 4634 μὴ
1020 4593 1052 4604 -
1065 4564 1236 4636 κρειττόνων
1253 4574 1287 4623 <
1304 4567 1328 4616 A
1345 4564 1415 4617 ασελ
1432 4583 1480 4618 ror
1496 4567 1546 4620 δεμ

236 4665 356 4718 δαεεονωι
373 4666 488 4734 Κνᾶίίτπ
507 4669 535 4718 Σ
