3746 5536
742 503 782 557 12.
800 503 979 558 Bruohstflck.
1458 505 1516 573 31*

193 657 238 732 τῦ
264 669 390 752 μηκέτι
411 657 479 735 ύπό
502 671 576 736 τῶν
599 669 735 736 οἰκείων
756 671 837 754 μηδὲ
859 666 946 737 κατὰ
969 665 1033 755 τὴν
1055 664 1199 755 νόμιμον
1220 672 1380 755 λατρείαν
1395 665 1516 757 συστή-

192 772 323 832 σεσθαι
354 757 470 852 αύτὴν.
513 757 610 846 όπως
641 769 677 835 δέ
705 771 891 836 καὶταῦτα
923 769 1130 855 ἐπληροῦτο,
1162 761 1262 837 ούδέν
1293 771 1345 836 δεῖ
1371 774 1516 839 πολλῶν

85 868 93 882 ’
192 857 328 950 λόγων.
370 860 513 952 πάρεστι
543 862 605 952 γάρ
635 858 693 934 ἀπ’
717 857 835 950 ὄψεσιν
867 860 952 955 δρᾶν
974 863 1152 950 Ἰουδαίους
1181 871 1243 955 μέν
1269 867 1315 946 εἰς
1336 863 1450 938 πάντα
1472 865 1515 936 τά

192 964 285 1051 ἔθνη
321 967 628 1052 διεσκεδασμένους,
661 960 878 1051 ἀλλοφύλους
900 971 936 1036 δέ
957 973 1013 1036 καὶ
1035 962 1228 1054 άλλογενεῑς
1250 963 1433 1055 οἰκήτορας
1455 973 1516 1055 τῆς

191 1056 309 1134 πάλαι
331 1067 392 1152 μὲν
407 1057 627 1153 Ἰερουσαλήμ,
651 1069 712 1135 νῦν
735 1060 767 1133 δ’
791 1061 859 1138 ἀπὸ
877 1073 939 1136 τοῦ
954 1071 1187 1156 πολιορκητοῦ
1203 1070 1325 1137 Αἰλίου
1340 1060 1516 1154 Ἀδριανοῦ
1551 1079 1566 1128 s»

192 1163 322 1245 Αἰλίας
342 1167 654 1252 μετωνομασμένης.
696 1162 737 1235 τὸ
759 1171 844 1252 γοῦν
865 1163 1062 1253 παράδοξον
1084 1171 1148 1238 τοῦ
1169 1172 1398 1251 θεσπίσματος
1421 1160 1515 1236 τοῦτ’

192 1257 238 1332 ἀν
262 1265 327 1348 εἰη,
351 1255 404 1332 ότι
425 1269 503 1348 περὶ
524 1259 694 1334 Ἰουδαίων
714 1269 776 1350 μέν
792 1289 904 1354 φησιν,
929 1262 1324 1354 »αἰχμαλωτισθήσονται
1341 1269 1386 1346 εἰς
1400 1260 1515 1334 πάντα

191 1360 239 1431 τά
268 1363 388 1451 έθνηι,
410 1367 487 1450 περὶ
510 1365 545 1430 δέ
568 1369 641 1433 τῶν
663 1367 780 1434 ἐθνῶν
806 1371 877 1435 »καὶ
892 1360 1103 1454 Ἰερουσαλὴμ
1121 1366 1214 1435 ἐσται
1234 1369 1432 1452 πατουμένη
1446 1360 1514 1435 ῦπὸ

191 1462 352 1532 ἐθνῶνι.
394 1461 622 1548 ἐκπληκτικὸν
654 1467 689 1533 δέ
719 1461 760 1533 τό
793 1461 1013 1554 ἀποτέλεσμα,
1046 1468 1111 1552 είγε
1132 1461 1283 1536 Ἰουδαῑοι
1304 1469 1515 1552 πληροῦντες

191 1558 264 1649 τὴν
299 1558 476 1649 σύμπασαν
507 1555 707 1646 ἀνθρώπων
739 1568 954 1652 οἰκουμένην,
987 1561 1034 1646 ιῦς
1058 1593 1095 1635 τε
1117 1570 1172 1634 καὶ
1193 1569 1307 1652 μέχρις
1328 1560 1515 1635 Αἰθιόπων
1535 1575 1566 1629 10

188 1665 350 1750 χωρῆσαι
370 1666 425 1730 καί
447 1665 601 1731 Σκυθῶν
622 1668 678 1730 καί
700 1658 819 1735 αύτῶν
842 1669 914 1734 τῶν
936 1661 1099 1752 περάτων
1122 1669 1183 1752 τῆς
1205 1669 1280 1751 γῆς,
1303 1667 1341 1732 ἐν
1360 1659 1449 1752 μόνη
1472 1670 1514 1750 τῇ
1597 1711 1609 1730 .

190 1755 318 1830 αὐτῶν
339 1755 437 1830 πόλει
459 1766 514 1830 καί
537 1765 588 1847 τῷ
610 1757 716 1832 πάλαι
732 1769 995 1852 θρησκευομένῳ
1018 1758 1097 1850 παρ’
1121 1759 1237 1844 αύτοῑς
1259 1758 1358 1851 τόπῳ
1382 1758 1442 1850 οῦχ
1466 1760 1512 1834 οἰ-

189 1867 225 1929 οί
258 1865 302 1930 τέ
328 1863 412 1930 εἰσιν
433 1859 626 1942 ἐπιβαίνειν.
668 1867 724 1930 καὶ
747 1867 776 1931 εἰ
796 1868 858 1951 μέν
879 1854 922 1951 ἦν
944 1868 1124 1944 παντελῶς
1146 1863 1268 1951 έρημος
1290 1857 1311 1950 ἡ
1333 1858 1435 1944 πόλις
1457 1870 1513 1932 καὶ

191 1953 369 2046 ἀοίκητος,
391 1953 456 2028 κάν
478 1953 646 2047 ύπενόησέ
659 1987 712 2042 τις
734 1966 839 2032 τοῦτο
862 1963 946 2032 εἶναι
969 1960 1010 2034 τό
1032 1965 1152 2032 αἰτιον.
1197 1967 1259 2032 νῦν
1274 1967 1310 2032 δέ
1324 1956 1392 2031 ῦπό
1412 1956 1512 2032 ἀλλο-

190 2064 309 2144 γενῶν
339 2063 395 2128 καλ
427 2051 636 2144 ἀλλοφύλων
659 2063 778 2130 ἐθνῶν
799 2067 862 2132 τοῦ
885 2057 996 2132 τόπου
1025 2065 1295 2146 κατοικουμένου
1315 2058 1433 2150 μόνοις
1456 2056 1513 2130 αῦ-
1535 2075 1565 2127 15

189 2174 272 2240 τοῖς
304 2157 440 2247 ἄβατος
469 2154 633 2246 τυγχάνει,
665 2154 713 2242 ῶς
742 2155 820 2248 μηδ’
844 2164 879 2246 ἐξ
908 2155 1070 2232 ἀπόπτου
1100 2158 1265 2232 δύνασθαι
1287 2157 1327 2231 τό
1349 2166 1514 2250 πατρῷον

190 2253 314 2329 αῦτῶν
345 2263 484 2345 ἔδαφος
513 2267 672 2346 θεωρεῖν·
715 2256 736 2330 ά
766 2259 808 2349 δὴ
838 2266 967 2333 τοῦτον
998 2255 1263 2333 ἀποτετέλεσται
1288 2258 1351 2330 τόν
1381 2255 1515 2349 τρόπον

202 2351 469 2448 άκολσύθωςτῶ
486 2355 634 2446 φήσαντι
648 2366 797 2450 χρησμῷ,
823 2357 913 2448 κότε
936 2357 1321 2450 αἰχμαλωτισθήσονται
1336 2364 1383 2442 εἰς
1396 2355 1513 2430 πάντα

188 2457 236 2530 τὰ
260 2461 361 2548 ἔθνη)
392 2467 448 2530 καὶ
468 2453 682 2548 Ἰερουσαλὴμ
710 2462 803 2531 ἐσται
824 2466 1023 2550 πατουμένη
1043 2456 1110 2530 ύπό
1134 2463 1279 2530 ἐθνῶνι.
1303 2467 1336 2546 []
1360 2467 1512 2548 σημαίνει

190 2563 228 2628 δέ
252 2564 307 2629 καὶ
330 2558 395 2631 τόν
416 2557 484 2648 πρὸ
508 2564 568 2648 τῆς
591 2563 819 2648 αἰχμαλωσίας
841 2557 995 2648 πόλεμον
1017 2559 1136 2643 εἰπῶν,
1161 2562 1274 2631 »ἐσται
1295 2558 1358 2648 γάρ
1381 2556 1510 2648 ἀνάγκη
1530 2569 1564 2623 20

190 2659 249 2728 ἐπὶ
272 2662 333 2746 τῆς
354 2664 414 2747 γῆς
436 2664 491 2730 καί
523 2653 606 2747 όργὴ
637 2653 764 2748 μεγάλη
793 2662 831 2728 ἐν
852 2665 904 2750 τῷ
928 2666 1001 2748 λαῷ
1026 2657 1158 2749 τούτῳ,
1190 2667 1246 2732 καὶ
1267 2665 1452 2733 πεσοῦνται
1475 2664 1512 2730 ἐν

190 2752 339 2846 στόματι
359 2763 551 2847 μαχαίραςι.
595 2762 705 2828 ταῦτα
737 2762 773 2828 δέ
795 2751 891 2840 ὅπως
913 2757 1000 2830 κατὰ
1022 2765 1123 2850 μέρος
1143 2757 1297 2847 ἐπράχθη
1319 2766 1375 2829 καλ
1398 2756 1446 2842 ῶς
1468 2759 1512 2830 τό

190 2863 472 2948 προηγορευμένα
494 2852 561 2928 ῦπό
583 2862 647 2928 τοῦ
668 2863 824 2946 σωτῆρος
848 2854 944 2947 ἡμῶν
967 2865 1086 2942 τέλους
1108 2861 1224 2947 ἐτυχεν
1248 2867 1359 2946 (ἔργῳ),
1383 2862 1512 2944 ’ἔξεστιν

126 2983 130 2996 “
192 2953 264 3028 ἀπὸ
287 2962 349 3046 τῆς
371 2960 520 3044 ἱστορίας
543 2969 697 3038 (Φλαυίου)
719 2953 881 3047 Ἰωσήπου
902 2969 1035 3047 μαθεῖν,
1060 2952 1097 3041 ῦς
1118 2968 1174 3030 καὶ
1197 2966 1258 3050 τῆς
1281 2958 1433 3050 φησάσης
1448 2965 1511 3031 τοῦ

196 3061 356 3146 σωτῆρος
387 3051 485 3147 ἡμῶν
514 3055 745 3147 προρρήσεως,
781 3053 874 3128 »ούαί
906 3063 941 3128 δέ
973 3077 1046 3140 ταῖς
1068 3065 1122 3146 <έν
1144 3066 1258 3148 γαστρί
1282 3059 1433 3148 ἐχούσαις
1454 3067 1510 3130 καί
1528 3075 1561 3128 25

196 3163 287 3245 ταῖς)
320 3156 546 3247 θηλαζούσαις
577 3162 614 3230 ἐν
635 3162 776 3239 ἐκείναις
798 3176 872 3238 ταῖς
893 3153 1059 3246 ἡμέραιςι,
1092 3157 1131 3230 τό
1154 3155 1369 3248 ἀποτέλεσμα
1390 3166 1509 3248 σαφῶς

195 3263 379 3346 παρίστησι
407 3255 647 3346 μνημονεύσας,
680 3254 727 3340 ῶς
757 3275 911 3345 γυναῖκες
942 3257 984 3330 τά
1016 3259 1150 3334 ἑαυτῶν
1179 3265 1288 3349 βρέφη
1320 3255 1510 3349 όπτὴσασαι

196 3361 279 3446 πυρί
301 3357 356 3428 διά
379 3356 443 3446 τὴν
464 3353 656 3448 ῦπερβολην
679 3363 741 3428 τοῦ
762 3354 996 3447 κατασχόντος
1019 3365 1118 3447 λιμοῦ
1139 3357 1204 3447 τὴν
1225 3356 1330 3432 πόλιν
1350 3361 1487 3448 ἐφαγον.
1508 3365 1511 3446 ἰ

75 3468 178 3526 127ον
196 3462 326 3526 τοῦτον
346 3454 408 3545 γάρ
431 3453 537 3530 αὐτόν
560 3455 624 3528 τόν
645 3453 871 3546 γενησόμενον
897 3461 934 3531 ἐν
957 3467 999 3547 τῇ
1021 3457 1120 3532 πόλει
1143 3456 1243 3549 λιμόν
1264 3456 1511 3547 προθεωρήσας

196 3549 366 3646 δσωτὴρ,
397 3555 540 3644 παρῄνει
571 3575 644 3638 τοῖς
675 3552 781 3628 αύτοῦ
812 3569 983 3647 μαθηταίς
1013 3563 1052 3630 ἐν
1073 3566 1115 3648 τῇ
1136 3557 1305 3649 μελλούσῃ
1326 3557 1414 3629 κατὰ
1436 3554 1510 3630 Ἰου-
1527 3573 1562 3626 3ο

198 3661 305 3752 δαίων
327 3653 527 3745 γενήσεσθαι
547 3664 730 3749 πολιορκίᾳ
751 3655 795 3746 μὴ
819 3655 867 3740 ῶς
889 3654 945 3729 ἐπ’
968 3655 1104 3748 ἀσφαλῆ
1127 3655 1238 3731 τόπον
1259 3665 1315 3729 καί
1338 3656 1509 3745 φυλαττό-

282 3877 300 3932 5
319 3876 376 3946 vgl.
394 3875 492 3933 Euseb.
511 3877 580 3931 Hist.
599 3879 694 3932 eccles.
713 3878 752 3932 IV
764 3879 799 3934 64
836 3879 862 3934 λ.
882 3879 912 3935 8.
932 3879 1183 3936 18=Lu112124
1236 3881 1275 3936 20
1293 3905 1326 3923 =
1345 3880 1404 3934 Luk
1421 3880 1508 3936 21ιε1.

198 3977 315 4049 zavgl.
337 3977 621 4034 Jos.bel.Jud.v1⁸
690 3980 728 4036 25
747 3979 939 4035 ξ15112111
1009 3981 1045 4036 21
1065 3981 1120 4052 vgl.
1139 3981 1200 4037 Luk
1211 3983 1275 4038 2111

283 4181 299 4236 l
318 4179 396 4236 Ναοῦ
414 4177 529 4236 οἰκείων
547 4179 657 4236 Liicke?
714 4181 732 4236 5
751 4183 955 4254 πολιορκητοῦ]
974 4181 1133 4236 Βαοοίιιιανε
1152 4185 1180 4236 Σ
1195 4181 1306 4250 (Pohler
1323 4181 1371 4238 δεε
1388 4183 1509 4252 Editors)

198 4283 212 4336 λ
234 4283 301 4351 περί
318 4276 457 4338 Ἰουδαίων
478 4281 516 4337 Gr
534 4284 563 4336 Σ
578 4301 632 4353 περ
650 4273 779 4338 Ἰουδαῖοι
797 4287 821 4338 Α
892 4284 941 4339 18.
962 4284 999 4340 19
1017 4275 1112 4340 δτι-
1133 4279 1202 4354 έθνη
1216 4286 1244 4338 Σ
1259 4295 1292 4345 <
1310 4287 1334 4338 Α
1405 4286 1443 4340 11)
1462 4281 1509 4340 ἰθ-

196 4389 254 4438 νῶν
272 4390 303 4447 ÷
323 4389 347 4438 A
365 4383 445 4438 einen
467 4383 600 4454 lAngeren
618 4383 722 4452 Zusatz‚
749 4385 882 4441 teilweise
900 4410 933 4427 =
951 4401 976 4438 u.
996 4386 1021 4438 S.
1040 4387 1081 4450 32,
1100 4386 1166 4441 26ff.
1186 4395 1219 4446 <
1237 4387 1265 4440 Σ
1350 4389 1390 4442 20
1407 4385 1459 4442 τὸν
1476 4416 1509 4426 -

196 4485 333 4555 πόλεμον]
359 4485 403 4540 δία
420 4487 473 4540 Art
498 4485 562 4540 οδιιι
578 4487 625 4540 der
646 4486 874 4554 δοίαιηοαεολαβ
897 4487 942 4540 ιλιι
960 4486 1074 4552 Κνίιμιε
1092 4489 1120 4542 Σ
1136 4515 1168 4531 =
1186 4486 1237 4544 τὸν
1254 4488 1365 4559 τρόπον
1382 4494 1432 4557 τῆς
1450 4485 1509 4557 αἰχ-

195 4587 343 4656 μαλωσίας
359 4586 486 4655 πολέμου
556 4587 595 4644 25
614 4581 688 4659 έργῳ
708 4589 736 4641 Σ
752 4597 785 4648 <
802 4592 827 4643 A
896 4588 935 4644 24
955 4589 1082 4644 Φλαυίου
1100 4590 1128 4643 Σ
1143 4593 1218 4650 <A
1289 4591 1327 4646 25
1348 4587 1379 4646 ἐν
1397 4621 1430 4629 -
1448 4596 1510 4654 ταῖς

196 4689 316 4748 Σ<Α
385 4687 664 4760 2θγάρΑαίεοΣ
