3746 5536
712 493 736 547 8.
754 509 780 547 u.
798 494 822 548 9.
841 491 1020 546 Bruchskiiek.
1464 489 1523 561 23*

213 660 455 743 θεωρουμένην
471 647 560 741 άψιν.
597 645 617 743 ῆ
634 653 695 742 γάρ
719 650 762 724 διν
776 661 832 726 καὶ
852 651 1060 745 ἀπώκνησαν
1074 657 1159 744 πρὸς
1175 652 1215 727 τὸ
1232 660 1398 744 ἐπίταγμα
1414 650 1524 744 άγροι-

213 763 291 826 κίαν
307 756 440 836 ἑαυτοῖς
454 762 510 824 καὶ
526 751 640 840 λόγων
658 758 831 825 ἰδιωτείαν
854 755 1150 843 συγγινῶσκοντες,
1174 751 1216 827 δι’
1239 752 1281 844 ῆν
1304 751 1389 842 τάχα
1411 752 1453 825 ἂν
1468 760 1523 824 καὶ

215 851 473 944 παρῃτήσαντο,
506 850 648 936 εἰκότως
671 852 893 943 λογισάμενοι,
925 853 972 938 ῶς
996 852 1056 944 ούχ
1079 854 1155 928 οἷόν
1178 884 1215 925 τε
1239 847 1281 943 ῆν
1303 852 1437 941 Σύρους
1460 852 1524 941 τῆν

215 962 375 1044 γλῶτταν
404 960 459 1024 καί
481 959 589 1024 πλέον
611 949 736 1036 ἁλιείας
757 960 861 1043 μηδὲν
883 959 1135 1044 ἐπισταμένους,
1168 950 1390 1036 διδασκάλους
1410 949 1522 1041 Ἑλλή·

215 1083 287 1124 νων
309 1047 394 1142 ὁμοῦ
415 1060 469 1122 καὶ
490 1050 664 1142 Ῥωμαίων
686 1059 887 1141 Αἰγυπτίων
910 1084 946 1125 τε
968 1061 1022 1126 καί
1045 1062 1189 1144 Περσῶν
1214 1062 1269 1123 καὶ
1293 1059 1367 1124 τῶν
1389 1059 1524 1124 λοιπῶν
1558 1071 1574 1121 σ

214 1150 395 1240 βαρβάρων
425 1157 542 1224 ἐθνῶν
572 1159 782 1242 καταστῆναι
812 1151 1121 1243 άντινομοθετῆοαί
1154 1181 1191 1224 τε
1223 1171 1296 1235 τοῖς
1327 1148 1524 1239 ἁπανταχοῦ

215 1258 274 1340 ἰῆς
306 1257 510 1341 νομοθέταις
542 1281 578 1324 τε
604 1261 659 1323 καὶ
682 1259 849 1339 βασιλεῦσι
873 1249 1037 1326 τάναντία
1060 1273 1133 1338 τοῖς
1154 1263 1230 1343 περὶ
1253 1259 1326 1322 τῶν
1348 1249 1526 1340 πατρῴων

215 1359 311 1422 θεῶν
333 1356 370 1422 ἐκ
392 1358 454 1423 τοῦ
476 1351 608 1434 παντὸς
629 1356 753 1435 αἰῶνος
774 1358 973 1440 δεδομένοις.
1009 1351 1084 1426 ἀλλ’
1107 1351 1168 1426 οῦκ
1191 1359 1270 1442 ἐξῆν
1286 1347 1400 1432 αύτοῖς
1416 1356 1523 1422 ταῦτα

185 1473 188 1486 ·
216 1457 433 1536 διανοεῖσθαι,
466 1450 624 1524 ἀκούσασι
654 1458 715 1541 μὲν
745 1458 831 1523 θεοῦ
862 1459 981 1542 φωνῆς
1012 1452 1172 1542 λεγούσης
1203 1448 1318 1535 αὐτοῖς
1342 1449 1434 1521 »ἰδοῦ
1456 1450 1522 1538 ἐγῶ

214 1549 289 1639 μεθ’
312 1547 408 1639 ύμῶν
431 1557 496 1640 εἰμι
518 1549 644 1640 <πάσας
667 1552 727 1635 τάς
749 1549 917 1642 ῆμέρας>ι,
941 1548 1046 1638 ὁρῶσι
1067 1558 1103 1622 δὲ
1125 1556 1274 1642 ἐναργῶς
1297 1550 1361 1639 τὴν
1383 1556 1446 1621 τοῦ
1468 1559 1524 1620 λα·
1543 1569 1575 1622 10

215 1657 361 1734 λοῦντος
382 1648 536 1740 θεότητα
562 1658 743 1741 κρείττονα
766 1649 922 1723 θανάτου
944 1671 1115 1738 φανεῖσαν.
1159 1650 1211 1722 διὸ
1233 1659 1289 1724 καὶ
1311 1655 1386 1731 δέος
1409 1651 1524 1732 αὐτοῖς

216 1756 277 1838 τῆς
298 1758 473 1840 παρακοῆς
495 1751 609 1841 εἰσῄει,
643 1753 744 1823 ἐνθεν
767 1745 867 1839 ὁμόσε
890 1770 962 1833 τοῖς
983 1750 1154 1834 κινδύνοις
1176 1751 1335 1840 έχῶρουν,
1359 1756 1419 1838 τῆς
1440 1748 1524 1838 μετὰ

215 1847 373 1920 θάνατον
395 1857 483 1940 ζωῆς
505 1852 596 1940 παρὰ
619 1858 682 1923 τοῦ
703 1847 904 1923 διδασκάλου
926 1847 1087 1935 λαβόντες
1108 1850 1152 1921 τά
1174 1855 1320 1940 ἐχέγγυα,
1342 1845 1524 1938 προῆλθύν

216 1976 254 2018 τε
284 1945 461 2038 εῦθαροῶς
483 1954 536 2020 ἐπὶ
560 1955 624 2040 τῆν
647 1959 721 2022 τῶν
742 1947 908 2022 ἁπάντων
930 1955 1045 2021 ἐθνῶν
1067 1957 1242 2039 περίοδον,
1274 1956 1336 2020 τοῦ
1358 1957 1457 2036 σφῶν
1480 1955 1524 2020 δι-

217 2049 384 2121 δασκάλου
406 2050 468 2131 τὰς
489 2046 681 2138 ύποσχέσεις
704 2054 812 2139 ἔργοις
834 2049 1052 2139 πιστούμενοι
1092 2103 1399 2120 .......
1541 2070 1574 2123 15

641 2325 669 2386 9.
691 2319 899 2384 Bruchstiick.
943 2321 1010 2384 Aus
1032 2318 1099 2384 Νι.

92 2498 199 2554 A320r
299 2475 389 2569 άπαξ
412 2485 474 2554 οῦν
496 2479 763 2571 ἀποφηναμένου
785 2488 854 2553 δεῖν
876 2487 1087 2570 κηρυχθῆναι
1110 2485 1162 2552 ἐπὶ
1187 2487 1237 2571 τῷ
1261 2476 1405 2571 ὀνόματι
1420 2477 1526 2554 αύτοῦ

110 2603 139 2654 Σ
147 2601 198 2656 136
215 2582 399 2672 μετάνοιαν
421 2587 475 2653 ἐπὶ
496 2583 612 2654 πάντα
635 2581 677 2652 τά
698 2585 792 2671 έθνη,
816 2586 844 2652 εἰ
858 2580 902 2671 μῆ
923 2573 1066 2670 τοῦργον
1081 2580 1338 2670 ἐπηκολούθηκε
1356 2587 1404 2670 τῷ
1422 2578 1524 2670 λόγῳ,

216 2687 297 2772 μηδὲ
321 2681 362 2753 τά
386 2688 446 2772 τῆς
469 2687 505 2753 ἐκ
528 2689 660 2770 νεκρῶν
691 2678 907 2767 άναβιῶσεως
938 2677 1044 2752 αύτοῦ
1065 2687 1286 2766 πιστευέσθω,
1318 2688 1347 2752 εἰ
1369 2687 1404 2752 δὲ
1426 2685 1526 2753 εἰσέτι

216 2791 272 2853 καὶ
295 2788 356 2854 νῦν
379 2782 421 2853 τά
444 2787 505 2870 τῆς
535 2777 755 2870 προρρήσεως
782 2786 828 2861 είς
850 2781 950 2868 ἔργον
971 2799 1075 2868 χωρεῖ
1096 2773 1114 2850 ὅ
1142 2809 1180 2850 τε
1203 2776 1306 2871 λύγος
1327 2777 1434 2852 αύτοῦ
1457 2789 1527 2868 ζῶν
1544 2803 1577 2858 20

216 2889 270 2950 καὶ
294 2885 441 2968 ἐνεργῶν
463 2877 541 2950 καθ’
566 2873 647 2968 ύλης
668 2887 730 2968 τῆς
753 2885 951 2969 οἰκουμένης
974 2873 1168 2969 ὀφθαλμοῖς
1195 2875 1326 2970 δρᾶται,
1350 2879 1421 2968 ὥρα
1444 2888 1527 2972 μηδὲ

219 2987 268 3069 τῷ
293 2978 356 3051 τὸν
379 2977 483 3068 λόγον
498 2987 674 3068 προεμένῳ
691 2975 853 3050 άπιστεῖν.
890 2970 929 3049 οῦ
944 2979 1007 3067 γὰρ
1025 2975 1044 3068 ῆ
1061 2978 1198 3068 δύναμις
1215 2988 1306 3066 ζῶσα
1320 2987 1375 3051 καὶ
1391 2980 1527 3071 ἐνεργὴς

219 3077 349 3170 δρᾶται,
373 3087 501 3151 τοῦτον
524 3077 652 3169 ἀνάγκη
667 3085 759 3150 πάσα
774 3077 864 3150 πολύ
883 3077 1053 3168 πρότερον
1069 3073 1279 3168 <ὁμολογεῖν>
1297 3086 1426 3168 ζῆνκαὶ
1444 3086 1527 3150 θεοῦ

219 3179 308 3269 ζωῆν
340 3186 467 3250 τοῦτον
498 3185 659 3264 ἐκτελεῖν,
697 3171 737 3250 οῦ
767 3185 880 3264 ζῶντα
913 3177 955 3248 τά
986 3181 1065 3267 έργα
1097 3176 1263 3267 σύμφωνα
1290 3199 1363 3263 ταῖς
1394 3197 1527 3266 φωναῖς

219 3276 466 3352 ἀποδείκνυται.
509 3287 621 3351 πᾶσαν
651 3287 735 3368 γοῦν
763 3274 870 3366 άκοῆν
900 3287 1081 3350 παντοίων
1108 3282 1224 3350 ἐθνῶν
1247 3282 1279 3350 οἱ
1302 3276 1408 3352 αύτοῦ
1430 3277 1527 3367 λόγοι
1546 3302 1579 3354 25

219 3386 372 3469 διῆλθον,
396 3377 685 3468 μεταβαλλόμενοι
707 3386 761 3448 καί
776 3375 1102 3468 μεθερμηνευόμενον
1121 3384 1168 3461 εἰς
1183 3387 1352 3450 παντοίαν
1366 3379 1528 3467 γλῶτταν

217 3475 415 3568 Ἑλληνικήν
438 3508 475 3549 τε
497 3487 553 3548 καὶ
575 3479 754 3568 βάρβαρον,
787 3474 835 3558 ῶς
857 3478 1064 3563 ἐξάκουστον
1095 3474 1200 3549 αῦτοῦ
1223 3477 1288 3566 τῆν
1311 3484 1528 3549 διδασκαλίαν

218 3585 299 3650 πᾶσι
329 3598 402 3660 τοῖς
434 3582 547 3650 έθνεσι
576 3585 762 3668 γενομένην
793 3585 838 3660 είς
869 3575 1081 3666 ἐπιστροφὴν
1111 3586 1166 3648 καὶ
1188 3578 1371 3667 μετάνοιαν
1393 3573 1528 3667 άγαγεῖν

218 3686 318 3767 μυρία
351 3675 468 3766 πλῆθη
499 3684 573 3748 τῶν
603 3675 774 3766 πρότερον
804 3682 840 3749 ἐν
861 3682 1026 3767 πολυθέῳ
1053 3673 1164 3764 πλάνη
1187 3683 1241 3748 καὶ
1264 3683 1529 3767 εἰδωλολατρείηι

303 3933 373 3986 9=
392 3930 483 3984 Matth
501 3932 564 3985 2820
634 3931 732 3986 17-8.
753 3933 800 3998 24,
821 3931 859 3986 18
877 3957 910 3974 =
928 3932 956 3983 Σ
973 3932 1136 3986 13614-137
1144 3945 1168 3984 10

304 4160 506 4233 θὰπανταχοῦ
532 4174 582 4233 γης
602 4169 623 4216 λ
651 4158 718 4218 καθ’
744 4159 811 4232 δλης
832 4169 881 4232 τῆς
900 4161 1087 4232 οἰκουμένηςλ
1107 4165 1134 4216 Σ
1236 4164 1250 4216 λ
1272 4159 1394 4235 πρώτων
1413 4167 1437 4218 Α
1455 4163 1531 4218 ihrer

226 4267 305 4320 ἰλϊῖεν
323 4267 351 4318 Σ
418 4265 634 4337 8δεδογμένοις
652 4269 675 4318 A
694 4263 955 4336 παραδεδομένοιςθ
973 4267 1001 4318 Σ
1068 4261 1244 4321 θοίκοῦσασι
1261 4264 1317 4318 Mai
1336 4260 1531 4330 ἀκοῦονταςλ

222 4369 260 4423 10
279 4365 372 4433 πάσας
389 4397 422 4408 -
440 4365 548 4438 ἡμέρας
566 4369 592 4420 Σ
609 4371 684 4427 <A
751 4363 862 4440 Ιδρῶοι
878 4366 936 4420 Μαι
955 4363 1125 4440 δρῶνταςΑ
1193 4361 1320 4436 [ἐναργῆ
1337 4365 1394 4420 Mai
1466 4369 1531 4433 Ιλα-

219 4473 339 4535 λοῦντος
357 4475 388 4534 ÷
406 4468 459 4522 mit
476 4469 560 4522 ι’ίιτιαι
579 4471 607 4522 Σ
692 4469 728 4524 11
749 4472 908 4537 φανθεΐοαν
926 4472 951 4521 Α
1031 4469 1067 4524 12
1088 4464 1177 4536 ὁμόσε
1196 4462 1332 4538 ἐχώρουν]
1350 4471 1475 4534 ονίιιιηευ
1492 4467 1533 4522 εἰσ

219 4572 272 4624 mit
286 4588 392 4639 ςοααει·
410 4571 482 4625 θεελα
500 4573 528 4624 Σ
613 4573 652 4627 22
672 4568 788 4642 ἐνεργὴς
806 4576 837 4635 ÷
857 4567 1020 4639 ὀφθαλμοῖς
1037 4570 1129 4638 (ίιοίἳ)
1148 4570 1176 4621 Σ
1261 4569 1299 4623 22
1318 4572 1395 4622 πᾶσα
1414 4578 1446 4627 <
1465 4571 1493 4622 Σ
1526 4569 1529 4638 ί

222 4670 373 4742 ὁμολογεῖν
393 4674 421 4726 Σ
436 4682 469 4731 <
487 4677 510 4726 Α
581 4675 620 4728 26
637 4675 754 4742 διῆλθον
772 4673 896 4725 ιααςίιῖαιι
916 4673 944 4724 Σ
960 4671 1170 4740 (innersyrisohe
1188 4667 1365 4736 Verderbnis)
