3746 5536
348 475 407 542 14*
931 475 1072 531 Eusebius.

345 635 387 708 ἵν’
411 637 486 726 ἑξῆς
508 639 668 709 ἐπελθών
684 634 703 710 ό
718 637 872 721 θάνατος
894 640 950 710 οία
971 639 1040 728 θήρ
1064 636 1182 724 δεινός,
1206 636 1278 723 οἶός
1293 669 1344 722 τις
1359 636 1437 710 ποτ’
1463 631 1511 727 ἢν,
1534 638 1657 710 ἑαυτὸν

345 741 460 825 ἐλέγξῃ
490 736 635 838 κᾶπειτα
666 745 728 827 τῆς
760 746 848 828 ζῳῆς
875 737 895 828 ή
919 739 1057 828 δύναμις
1083 740 1168 827 μετὰ
1190 737 1347 811 θάνατον
1369 743 1562 811 ἐπελθοῦσα
1586 761 1657 822 τοῖς

344 843 448 907 πᾶσιν
469 839 569 920 αὐθις
591 837 655 927 τήν
676 838 763 909 κατά
787 845 850 911 τοῦ
872 837 1029 910 θανάτου
1049 837 1307 928 παραστήσηται
1330 847 1437 927 νίκην,
1460 838 1501 910 τό
1522 840 1656 928 θνητὸν

344 932 523 1007 άθάνατον
546 934 759 1023 ἀποδείξασα.
785 943 795 1028 ΙΙ
820 936 912 1027 ήφίει
943 946 1061 1010 τοίνυν
1088 937 1174 1025 πρός
1196 938 1300 1025 βραχὺ
1322 937 1363 1010 τό
1387 946 1483 1027 σῶμα
1506 936 1526 1028 ἦ
1548 946 1654 1012 τοῦτο
1673 962 1791 1018 Aaou

292 1047 309 1100 5
344 1041 570 1122 διακρατοῦσα
601 1043 664 1108 τοῦ
693 1044 779 1109 θεοῦ
809 1035 914 1126 λόγου
945 1037 1092 1126 δύναμις,
1125 1036 1165 1108 τό
1194 1035 1225 1107 δ’
1250 1034 1486 1126 ἀνηρτημένον
1516 1043 1572 1109 ἐπὶ
1593 1046 1656 1110 τοῦ

344 1134 446 1222 ξύλου
467 1143 667 1226 παραχρῆμα
690 1136 812 1225 νεκρόν
834 1130 885 1226 ἦν,
919 1133 993 1208 ἀλλ’
1017 1133 1078 1224 οῦχ
1101 1132 1119 1207 ὁ
1142 1135 1244 1223 λόγος
1267 1133 1286 1208 ὁ
1309 1155 1379 1216 (τῶν
1399 1145 1547 1218 ἁπάντων)
1573 1149 1655 1225 ζῳο-

342 1235 442 1318 ποιός
465 1235 505 1307 τό
530 1236 756 1326 νεκροόμενον
777 1230 830 1324 ήν,
854 1236 894 1306 τὸ
918 1241 954 1305 δὲ
976 1233 1111 1324 θνητόν
1133 1237 1198 1325 τήν
1218 1243 1347 1310 οἰκείαν
1362 1237 1530 1328 οόμολόγει
1545 1237 1655 1326 φῦσιν.

344 1333 479 1406 έκίίκειτα
497 1338 531 1394 τὸ
550 1339 654 1409 νεκρὸν
666 1340 700 1395 τδ
713 1348 763 1395 νῦν
781 1342 812 1408 δή
831 1345 871 1412 τῷ
889 1335 1009 1394 θανάτῳ
1034 1340 1232 1409 κρατούμενον
1250 1337 1305 1396 ὑπὸ
1324 1349 1381 1398 τῶν
1400 1340 1567 1412 ἀνθρώπων
1585 1347 1655 1396 καθ-

343 1431 461 1502 αιρεθὲν
473 1443 522 1500 της
535 1435 675 1501 συνήθους
692 1434 805 1502 ήξιοῦτο
825 1435 997 1504 φροντίδοςη
1049 1419 1197 1509 μνήματι
1220 1428 1255 1492 δὲ
1276 1423 1365 1492 κατὰ
1382 1422 1505 1512 νόμους
1520 1420 1655 1509 άνθροί·
1673 1429 1699 1480 A
1714 1429 1788 1482 310¹

293 1534 327 1588 10
343 1549 423 1590 ποον
444 1527 657 1609 παρεδίδοτο.
686 1521 728 1592 τό
751 1529 786 1593 δὲ
807 1529 921 1612 μνῆμα
942 1518 1112 1608 σπήλαιον
1135 1512 1176 1608 ήν
1199 1528 1370 1608 νεοπαγές,
1393 1519 1564 1611 σπήλαιον
1579 1520 1656 1607 άρτι

343 1620 430 1690 κατά
452 1628 580 1710 πέτρας
602 1628 858 1710 λελαξευμένον,
881 1613 979 1692 οῦπῳ
1002 1620 1161 1708 σώματος
1176 1621 1294 1706 ἑτέρου
1308 1628 1567 1709 πεπειραμένον·
1591 1624 1655 1689 ἔδει

343 1719 406 1809 γάρ
429 1719 557 1810 <αότηῦ>
586 1718 682 1810 μόνῳ
714 1720 887 1808 σχολάζειν
918 1727 968 1809 τῷ
990 1717 1088 1809 μόνῳ
1109 1716 1291 1807 παραδόξῳ
1315 1727 1435 1810 νεκρῷ.
1477 1719 1654 1807 θαυμαστή

344 1826 380 1890 δε
410 1827 494 1891 ίδεῑν
523 1827 579 1890 καὶ
611 1818 761 1910 ήπέτρα
792 1825 829 1893 ἐν
850 1819 1044 1910 ήπλωμίνῳ
1069 1818 1171 1908 χοόρῳ
1194 1817 1283 1908 μόνη
1306 1813 1424 1907 όρθιος
1447 1813 1654 1906 άνεσταμένη

343 1927 398 1991 καὶ
428 1917 536 2009 μόνον
566 1923 602 1991 ἓν
634 1920 763 2010 ἄντρον
793 1925 872 1992 είσοο
904 1925 941 1990 ἐν
963 1916 1049 2007 αῦτή
1071 1925 1276 2006 περιέχουσα,
1309 1915 1358 2001 οῦς
1381 1915 1423 1990 όν
1444 1917 1489 2007 μή
1511 1925 1654 1989 πολλῶν

292 2031 324 2083 15
343 2027 506 2109 γενομένη
537 2027 600 2092 τοῦ
629 2018 693 2091 τόν
715 2020 872 2094 θάνατον
898 2025 1218 2108 καταγωνισαμένου
1239 2016 1415 2104 έπισκιάσή
1438 2017 1478 2088 τὸ
1501 2023 1623 2107 θαῦμα.

343 2123 452 2190 ἔκειτο
483 2127 545 2209 μὲν
576 2120 616 2209 δή
639 2119 757 2207 νεκρός
780 2116 913 2202 αῦτόθι,
944 2118 984 2189 τὸ
1009 2124 1071 2190 τοῦ
1094 2125 1225 2204 ζῶντος
1247 2113 1352 2218 λόγου
1374 2112 1530 2206 όργανον,
1553 2125 1653 2200 λίθος
1670 2138 1784 2192 Asllr

343 2216 375 2290 δ’
399 2215 552 2291 άπέκλειε
574 2225 791 2311 παμμεγέθης
807 2217 848 2289 τό
864 2216 1041 2307 σπήλαιον)
1063 2224 1120 2286 καὶ
1132 2219 1241 2299 πολὺς
1256 2219 1298 2306 ήν
1313 2221 1351 2288 έν
1365 2217 1480 2306 τούτῳ
1503 2224 1653 2305 γαυριῶν

343 2314 362 2390 ὁ
385 2317 546 2401 θάνατος,
570 2315 617 2400 τός
641 2315 683 2388 όν
703 2328 759 2389 καὶ
782 2325 909 2389 τοῦτον
930 2316 1015 2405 μετὰ
1037 2323 1111 2387 τῶν
1132 2322 1168 2402 ἐξ
1191 2321 1316 2398 αίοῦνος
1339 2317 1428 2387 ἑλών
1449 2315 1652 2405 ῦποχείριον.

343 2415 416 2489 άλλ>
438 2411 535 2489 οῦπῳ
559 2416 736 2505 τριήμερος
762 2416 883 2506 παρῄει
904 2413 1027 2504 χρόνος
1047 2423 1103 2487 καὶ
1126 2412 1145 2504 ή
1169 2416 1238 2505 ζωὴ
1260 2414 1366 2487 πάλιν
1389 2416 1513 2505 ἑαυτήν
1536 2419 1652 2503 ἔφαινε

290 2529 325 2584 20
342 2517 426 2607 μετὰ
448 2517 512 2588 τόν
535 2514 684 2604 αὐτάρκη
719 2524 779 2586 τοῦ
801 2513 957 2587 θανάτου
984 2519 1129 2605 έλεγχον.
1172 2519 1201 2586 εί
1221 2514 1284 2604 γὰρ
1308 2515 1348 2603 δὴ
1370 2522 1506 2587 θᾶττον
1529 2511 1650 2604 άνέστη

343 2616 488 2704 φθάσας,
511 2612 573 2689 οῦκ
596 2613 638 2686 όν
653 2612 731 2686 οῦδὲ
753 2617 906 2697 τεθνεώς
928 2619 1100 2704 ἐνομίσθη,
1125 2610 1197 2686 ἄλλ’
1222 2609 1279 2685 ότε
1301 2642 1337 2702 γε
1366 2611 1507 2703 άληθῶς
1528 2609 1650 2701 ῦψῳτο

341 2725 396 2788 καί
418 2713 560 2804 άληθῶς
582 2711 767 2803 ἐτεθνήκει,
790 2719 827 2786 ἐν
836 2712 951 2805 χρόνῳ
966 2721 1002 2785 δὲ
1017 2713 1080 2785 τόν
1101 2714 1258 2786 θάνατον
1279 2711 1422 2802 άληθῶς
1435 2712 1650 2784 ῦποδέδεκτσ.

342 2814 424 2888 τότε
454 2815 496 2904 δή
523 2810 603 2884 τότε
626 2809 645 2883 ό
668 2821 743 2886 τιῦν
764 2811 932 2885 άπάντῳν
956 2814 1125 2901 ζωοποιὸς
1146 2821 1210 2885 τοῦ
1230 2819 1316 2884 θεοῦ
1338 2811 1440 2901 λόγος
1462 2813 1526 2902 τήν
1548 2821 1651 2885 πᾶσιν

341 2911 542 3001 ἀνθρώποις
566 2910 791 3003 ἀποκειμένην
813 2916 932 2983 ἐλπίδα
954 2913 1008 2984 διά
1032 2920 1092 3003 τῆς
1107 2920 1169 2984 τοῦ
1189 2910 1291 3000 [τότε]
1309 2921 1442 3002 θνητοῦ
1459 2923 1652 3002 παλιγγενε-

289 3026 321 3081 25
339 3021 411 3097 σίας
433 3019 656 3086 ἐπεδείκνυτο.

422 3122 457 3184 τί
470 3105 531 3184 οῦν
546 3118 599 3183 ἐπὶ
616 3112 752 3195 τούτοις
767 3122 911 3202 γίνεται;
934 3109 1047 3184 οῦκίτι
1069 3114 1135 3202 ἐγώ
1159 3139 1211 3184 σοι
1227 3121 1385 3201 γενοίμην
1408 3108 1483 3199 (av)
1506 3119 1579 3182 τῶν
1594 3141 1651 3183 πε-

261 3217 263 3222 ’
338 3219 545 3303 πραγμένῳν
576 3210 782 3295 διδάσκαλος.
825 3216 857 3284 οἱ
891 3219 926 3283 δὲ
957 3211 1095 3286 τοῦτοον
1126 3209 1296 3284 αῦτόπται
1319 3212 1386 3283 είεν
1408 3208 1483 3300 (liv)
1506 3209 1650 3282 πάντων

339 3307 506 3404 άξιόχρεοι
526 3308 692 3401 μάρτυρες
716 3316 748 3384 οἱ
770 3310 811 3382 δι’
834 3317 975 3402 αἳματος
996 3321 1051 3383 καί
1074 3319 1182 3401 ψυχῆς
1204 3321 1245 3400 τή
1269 3318 1342 3401 θέᾳ,
1365 3319 1439 3382 τοῦν
1459 3317 1650 3400 πεπραγμέ·
1669 3333 1757 3388 Σ116

340 3441 413 3484 νων
444 3411 508 3501 τὴν
542 3407 709 3501 άλήθειαν
735 3411 984 3502 πιστωσάμενοι
1013 3421 1070 3482 καὶ
1092 3412 1157 3501 τὴν
1178 3411 1357 3500 σύμπασαν
1379 3417 1581 3500 οἰκουμένην
1604 3426 1650 3493 (τῇ

424 3642 462 3696 10
480 3640 535 3710 vgl.
554 3640 645 3694 Matssh
663 3640 726 3694 2760

421 3845 439 3897 θ
457 3841 642 3914 παραχρῆμα]
660 3842 744 3895 Imm
760 3843 818 3894 Ζσίί
837 3843 865 3894 Σ
945 3842 949 3908 Ι
964 3846 1021 3896 τῶν
1039 3837 1175 3896 ἁπάντων
1194 3841 1222 3892 Σ
1237 3841 1312 3900 <Α
1375 3841 1404 3896 8.
1423 3843 1442 3896 θ
1468 3841 1529 3894 L‘nd
1545 3841 1653 3907 darauf

334 3943 426 3996 warde
443 3944 493 3996 ιίαε
514 3943 579 4008 Tota,
605 3945 656 3997 ιίοε
672 3944 742 4010 γὀίκί
759 3961 819 3996 vom
840 3943 906 3996 Tode
933 3942 1082 3996 beherrscht
1099 3943 1183 4006 ward,
1210 3959 1261 3994 του
1272 3943 1324 3995 den
1341 3942 1487 3997 Μοηεοίιαυ
1505 3943 1647 4010 (baramm-

334 4061 463 4098 ηουιικαυ
479 4045 540 4098 und
555 4047 601 4098 der
617 4044 843 4112 μεότδυοίιίίοίιεκ
859 4043 996 4110 Ρίίνεοηηο
1010 4045 1158 4112 μειιίίτδῳί
1177 4046 1209 4098 Σ.
1241 4044 1304 4114 vgl.
1318 4048 1342 4098 Δ
1354 4062 1404 4098 vor
1421 4044 1484 4098 dem
1501 4043 1646 4098 Eusebius-

334 4147 414 4200 zitat:
433 4149 482 4202 καί
499 4143 639 4218 λαμβάνει
656 4144 832 4216 καθαιρεθὲν
849 4143 882 4199 τδ
903 4151 984 4213 σῶμα
1002 4152 1054 4200 τοῦ
1072 4139 1159 4213 ’ίησοῦ
1176 4147 1225 4200 καί
1242 4151 1291 4214 τῆς
1309 4147 1450 4215 συνήθους
1467 4143 1545 4210 ἀξιοῖ
1560 4163 1647 4216 φρον-

333 4249 409 4313 τίδος
445 4248 483 4303 12
503 4251 578 4318 αὐτῷ
597 4249 626 4300 Σ
635 4249 705 4306 <Δ
742 4247 780 4301 14
799 4245 869 4316 αὐτῇ
881 4249 906 4300 Δ
941 4247 979 4302 21
998 4241 1097 4315 ῦψιντο
1112 4247 1270 4301 Wendland
1284 4243 1393 4315 ῦηιοῦτο
1412 4251 1436 4301 A
1473 4247 1511 4301 23
1529 4245 1594 4301 τότε
1611 4247 1643 4313 δή

332 4349 407 4418 τότε]
425 4351 534 4403 δοιοαίε
552 4351 616 4403 πῦον
634 4351 662 4402 Σ
746 4349 786 4403 24
803 4349 868 4404 τότε
886 4352 910 4402 Δ
929 4359 961 4408 <
980 4349 1009 4400 Σ
1092 4351 1140 4404 26.
1159 4350 1195 4403 27
1217 4344 1252 4402 ἂν
1272 4349 1379 4407 Mai<
1398 4352 1422 4402 Α
1497 4345 1642 4416 Ιπάντιον]

332 4451 433 4504 bessere
451 4453 503 4520 Σ(
529 4451 707 4521 κρείττονες
718 4450 797 4518 καίλ)
839 4451 877 4506 28
895 4456 930 4519 τῇ
942 4448 996 4524 θέᾳ
1010 4449 1145 4504 verderbt.
1182 4450 1223 4503 Ob
1240 4448 1422 4518 τεθειμένοιλ
1440 4451 1483 4503 die
1494 4449 1580 4502 ιίυκοίι
1597 4448 1644 4500 ihr

331 4551 398 4606 Βίιιί
414 4552 473 4605 und
489 4552 574 4604 δεινοί
592 4552 639 4604 ihr
657 4551 744 4605 Leben
761 4551 846 4604 durch
858 4551 909 4604 den
926 4551 1041 4606 Λαδίίοίο
1059 4552 1086 4602 Σ
1120 4551 1220 4606 29-8.
1240 4551 1285 4616 15,
1306 4552 1321 4606 1
1340 4557 1376 4620 τῇ
1393 4582 1426 4591 -
1445 4546 1561 4617 δυνάμει
1573 4557 1606 4607 <
1618 4551 1643 4603 Α

331 4654 418 4708 durch
435 4654 478 4706 die
496 4653 580 4719 Krasl
598 4654 699 4718 dassen,
719 4653 784 4706 iiber
800 4654 850 4706 den
868 4654 909 4706 εἱο
926 4654 1045 4721 Ζουμυίε
1065 4653 1185 4718 αόίομίοιι
1204 4654 1232 4704 Σ
