3746 5536
355 493 414 558 28*
940 488 1080 544 Eusebius.

356 649 453 741 ήμῶν
485 650 617 740 φωνήν,
649 645 744 732 ὅπως
777 647 968 739 ἀφείθησαν
1001 646 1080 722 άτε
1111 651 1204 731 οἰκος
1236 643 1353 718 αὐτῶν
1384 656 1440 728 (διὰ
1459 665 1508 728 τῆς
1526 666 1577 714 τοι·
1596 663 1665 713 οισι·

356 763 543 834 ἀποφάσεως)
566 760 613 835 εἰς
636 756 778 839 ἐσχατον
800 756 937 840 ἐρημίας
959 747 1094 839 ήλασεν,
1118 766 1190 830 τοῖς
1212 751 1257 829 εἰς
1271 749 1351 828 τοὺς
1361 745 1490 831 τόπους
1505 745 1665 836 άφικνου-

354 861 469 944 μένοις
492 851 512 943 ή
535 847 613 939 ὄψις
635 848 721 939 αότή
744 857 807 921 τοῦ
829 846 934 938 λόγου
957 857 1087 939 μᾶλλον
1114 855 1260 918 δείκνυσι
1283 847 1323 918 τὸ
1347 845 1566 936 ἀποτέλεσμα.
1609 856 1664 918 καὶ
1684 859 1784 913 Σ15υ

356 950 375 1026 ό
397 951 520 1043 χρόνος
542 960 577 1024 δὲ
600 948 770 1038 πολυετὴς
792 951 941 1039 γεγονώς
962 956 1017 1021 καὶ
1040 942 1174 1037 μακρός,
1199 943 1246 1029 αλς
1267 947 1311 1037 μή
1332 946 1441 1036 μόνον
1464 955 1664 1019 διπλασίονα

322 1055 442 1128 σείνιιι
472 1060 534 1141 τῆς
566 1055 896 1138 ἓβδομηκονταετοῦς
926 1053 1063 1140 ἐρημίας
1098 1054 1159 1136 τῆς
1190 1051 1246 1117 ἐπὶ
1277 1054 1457 1134 Βαβυλῶνι
1494 1055 1664 1137 γεγενημέ-

359 1181 427 1242 νης,
460 1150 544 1224 άλλά
575 1160 631 1220 καὶ
665 1157 938 1236 τετραπλασίονα
968 1145 1181 1236 ὑπερβαίνειν
1212 1145 1277 1234 τήν
1304 1152 1367 1216 τοῦ
1389 1153 1544 1235 σωτῆρος
1568 1143 1664 1236 ήμῶν

358 1249 531 1338 ἀπόφασιν
554 1257 742 1321 πιστοῦται.
799 1241 857 1318 ὅτε
894 1260 931 1328 (δὲ
958 1260 1042 1316 πάλιν
1068 1263 1117 1314 καί
1139 1251 1199 1316 κατ’
1219 1253 1307 1314 ἰάλλον
1325 1258 1388 1314 τινὰ
1405 1259 1511 1330 χρόνον
1554 1242 1572 1318 ό
1604 1255 1664 1336 μὲν
1682 1267 1705 1316 A
1726 1265 1800 1318 20·st

359 1367 480 1436 <owv>9>
500 1349 589 1438 ἀμφὶ
607 1350 647 1420 τὸ
671 1359 847 1432 (εἰρημένον)
867 1349 959 1439 ἱερὸν
989 1348 1147 1438 ἐβάδιζεν,
1180 1352 1212 1420 οἱ
1234 1345 1266 1418 δ’
1290 1345 1396 1420 αὐτοῦ
1426 1355 1576 1436 μαθηταὶ
1605 1354 1667 1419 τοῦ

358 1449 542 1540 περιβόλου
564 1450 625 1532 τάς
647 1451 827 1538 οἰκοδομάς
850 1446 957 1522 αὐτοῦ
982 1457 1065 1536 [τοῦ]
1098 1477 1134 1519 τε
1167 1455 1229 1519 τοῦ
1258 1449 1350 1536 ίεροῦ
1381 1447 1421 1518 τὸ
1447 1455 1590 1536 μέγεθος
1612 1455 1666 1517 καὶ

307 1570 341 1624 10
359 1553 400 1624 τὸ
421 1549 546 1634 κάλλος
567 1547 887 1638 όπερθαυμάζοντες
908 1553 1079 1621 ἐδείκνυον
1103 1544 1207 1638 αὐτῷ,
1232 1543 1269 1618 »ό
1286 1553 1320 1618 δέ
1337 1544 1552 1635 (ἀποκριθεὶς
1574 1548 1667 1618 εἶπεν

360 1647 486 1732 αὐτοῖς·
516 1645 557 1721 οὗ
578 1655 718 1733 βλέπετε
740 1656 847 1720 ταῦτα
869 1646 998 1732 πάντα,·
1020 1654 1109 1736 λέγω
1132 1645 1210 1736 όμῑν
1233 1644 1273 1718 οὐ
1290 1647 1334 1736 μή
1352 1643 1464 1735 άςοεθῇ
1482 1638 1549 1717 ὧδε
1569 1654 1668 1730 λίθος

357 1755 412 1822 ἐπὶ
434 1742 963 1837 λίθονόςοάκαταλυθήοεταήι.
986 1754 1040 1818 καὶ
1064 1742 1118 1818 ότι
1132 1747 1199 1836 μήν
1222 1745 1407 1832 άξιοθέατα
1422 1749 1464 1836 ήν
1485 1743 1600 1818 πάντα
1626 1746 1666 1818 τὰ

358 1856 418 1940 τῆς
441 1855 622 1936 οἰκοδομῆς
643 1847 687 1920 τά
710 1877 747 1919 τε
769 1854 830 1938 τῆς
846 1847 950 1936 άλλης
964 1853 1172 1935 κατασκευῆς
1189 1853 1251 1918 τοῦ
1269 1843 1393 1918 αὐτόθι
1411 1846 1486 1930 νεώ,
1510 1853 1667 1934 δηλοῦσιν

359 1953 392 2020 αἱ
414 1951 567 2036 ίστορίαι.
604 1954 781 2037 δείγματος
805 1953 839 2018 δὲ
861 1945 959 2036 χάριν
983 1953 1083 2017 εἰσέτι
1106 1952 1204 2033 δεῦρο
1233 1942 1379 2030 λείψανά
1409 1974 1487 2015 τινα
1518 1944 1667 2033 πεφύλα-

306 2068 339 2122 15
357 2075 444 2130 κται,
477 2044 518 2118 δι’
542 2040 593 2117 σόν
625 2047 667 2117 τά
690 2052 763 2135 ’ίχνη
790 2044 1084 2136 καταλαμβάνεται
1107 2053 1180 2117 τῶν
1204 2043 1308 2116 πάλαι
1329 2043 1667 2135 κατασκευασμάτων.

356 2144 502 2219 πάντων
525 2153 560 2217 δὲ
582 2150 844 2233 θαυμασιωτέρα
875 2144 1031 2234 τυγχάνει
1054 2141 1074 2234 ή
1096 2144 1194 2233 θεϊκή
1218 2144 1317 2234 φωνή
1344 2151 1405 2233 τής
1429 2151 1491 2216 τοῦ
1514 2153 1668 2234 σωτῆρος

359 2244 455 2337 ήμῶν
477 2245 716 2334 προγνώσεως,
741 2257 784 2326 ςίί»
807 2242 1032 2333 καταλλήλας
1055 2265 1128 2325 τοῖς
1155 2243 1216 2326 τάς
1239 2245 1419 2331 οἰκοδομάς
1442 2247 1668 2334 ἐκπεπληγμέ-

359 2376 431 2427 νοις
461 2341 672 2434 άπειρήνατο,
704 2350 740 2416 ἐν
774 2345 824 2426 οἰς
855 2341 1089 2431 ἐθαυμάζοντο
1123 2351 1198 2426 πῶς
1230 2339 1271 2412 οδ
1300 2342 1345 2431 μή
1375 2351 1470 2432 μείνη
1493 2352 1592 2425 λίθος
1613 2349 1666 2415 ἐπὶ

359 2454 463 2519 λίθον
494 2441 727 2530 άκαθαίρετος.
772 2451 840 2514 δεῖν
867 2443 929 2532 γάρ
952 2443 1006 2516 διά
1028 2444 1071 2514 τά
1094 2439 1377 2532 τολμηθησόμενα
1400 2463 1473 2524 τοῖς
1495 2443 1667 2533 οἰκήτορσι

306 2563 341 2617 20
359 2551 511 2632 παντελῆ
543 2542 681 2630 φθοράν
712 2549 767 2613 καὶ
790 2548 927 2631 ἐρημίαν
949 2541 1012 2613 τὸν
1033 2541 1146 2616 τόπον
1167 2540 1357 2631 δπομεῐναι,
1390 2537 1449 2614 άτε
1473 2543 1513 2633 δή
1537 2541 1669 2626 άσεβών

361 2643 496 2732 ἀνδρῶν
512 2638 694 2730 γενόμενον
716 2639 919 2730 οἰκητήριον.
961 2635 1054 2724 ὅπως
1077 2649 1112 2714 δέ
1135 2642 1177 2713 τά
1199 2649 1260 2730 τῆς
1281 2641 1502 2732 προρρήσεως
1524 2647 1569 2725 εἰς
1590 2645 1669 2732 ἔργα

360 2742 620 2831 προκεχώρηκεν
643 2737 661 2810 ό
684 2770 722 2812 τε
743 2748 810 2823 πᾶς
833 2744 919 2824 νεώς
941 2751 996 2812 καὶ
1018 2737 1036 2812 ό
1059 2750 1239 2830 περίβολος
1262 2739 1304 2813 τά
1331 2771 1365 2812 τε
1390 2748 1427 2814 ἐν
1450 2739 1544 2832 αὐτῷ
1567 2743 1669 2830 σεμνά

360 2849 415 2913 καὶ
438 2847 623 2930 περικαλλῆ
645 2840 809 2929 ἱδρύματα
831 2839 947 2913 πάντα
970 2838 1075 2930 λόγον
1089 2839 1311 2913 καλύπτοντα
1327 2845 1466 2931 ἐρημίαν
1481 2848 1516 2927 ἐξ
1540 2847 1670 2913 ἐκείνου

359 2950 416 3013 καὶ
438 2948 484 3022 εἰς
507 2946 604 3028 δεῦρο
627 2937 803 3028 ὑπέμεινεν
827 2935 916 3027 αδξει
939 2970 976 3012 τε
998 2941 1086 3012 κατὰ
1106 2940 1251 3030 χρόνους
1273 2949 1329 3012 καὶ
1351 2947 1541 3030 ἐπινέμεται
1566 2939 1585 3030 ή
1609 2949 1669 3012 τοῦ

309 3059 342 3112 ’25
361 3041 464 3130 λόγου
495 3039 642 3128 δύναμις,
676 3038 723 3122 σάς
753 3047 833 3130 μηδὲ
863 3047 955 3128 ίχνος
986 3050 1154 3130 θεμελίων
1186 3043 1311 3111 ἔνεισι
1335 3049 1515 3128 φαίνεσθαι
1541 3038 1669 3124 τόποις.

360 3145 467 3229 ἐξεστι
498 3149 549 3232 τῷ
581 3145 777 3229 βουλομένῳ
813 3139 1086 3230 παραλαμβάνειν
1124 3135 1325 3228 ὀφθαλμοῖς.
1378 3147 1407 3210 εἰ
1438 3148 1472 3212 δὲ
1505 3150 1586 3230 φαίη
1618 3170 1670 3222 τις

359 3249 441 3331 μέρη
474 3241 549 3312 τινά
581 3242 630 3309 ἐτι
661 3237 877 3324 συνεστάναι,
914 3237 1000 3312 άλλά
1030 3247 1086 3310 καὶ
1122 3237 1259 3311 τούτων
1288 3240 1351 3329 χρή
1382 3246 1577 3328 προσδοκᾶν
1609 3240 1670 3311 τὸν

360 3339 552 3429 ἀφανισμὸν
585 3334 744 3428 ὁσημέραι
776 3347 836 3430 τής
868 3345 1003 3429 ἐρημίας
1026 3337 1188 3426 αὐξούσης
1209 3347 1263 3409 καὶ
1288 3345 1348 3427 τής
1371 3345 1545 3429 εἰρημένης
1567 3369 1670 3429 προρ-

360 3437 487 3532 ρήσεως
519 3435 702 3528 ἀπορρήτῳ
727 3437 861 3530 δυνάμει
893 3443 938 3521 εἰς
960 3436 1009 3510 άεὶ
1040 3437 1244 3527 ἐνεργούσης.
1288 3440 1362 3508 οῖδα
1385 3446 1422 3509 δέ
1442 3468 1550 3510 τινων
1572 3435 1669 3510 άκοό-

309 3556 343 3610 30
360 3564 419 3623 σας
451 3537 732 3628 ἑρμηνευσάντων
764 3542 826 3629 τήν
859 3545 1085 3626 προκειμένην
1116 3537 1238 3626 φωνήν
1265 3539 1398 3626 ἑτέρως.
1442 3538 1485 3628 μή
1509 3539 1669 3628 γάρπερὶ

360 3637 506 3711 πάντων
528 3646 601 3708 τῶν
623 3636 905 3727 οἰκοδομημάτων
928 3642 1079 3728 εἰρῆσθαι
1104 3635 1192 3709 ἀλλὰ
1213 3647 1291 3727 περί
1317 3667 1412 3720 τινος
1433 3645 1563 3726 μέρους.
1587 3633 1605 3709 ό
1629 3637 1668 3726 δή

448 3860 539 3930 7vg1.
559 3860 650 3912 Matth
669 3861 719 3914 241
791 3861 829 3914 10
847 3886 880 3902 =
898 3859 989 3913 Matth
1007 3861 1057 3912 ‘242
1129 3860 1165 3914 18
1184 3858 1239 3928 vgl.
1259 3860 1350 3914 Matth
1368 3861 1424 3914 242

446 4060 461 4114 1
482 4059 566 4111 durch
584 4061 634 4112 den
660 4060 859 4127 L'rleilsspruelz
883 4059 972 4113 Θοίίεο
990 4062 1018 4112 Σ
1034 4071 1066 4118 <
1085 4064 1109 4113 Α
1180 4062 1273 4115 ἰ’-10
1292 4054 1340 4116 διε
1359 4091 1391 4099 -
1411 4057 1426 4114 ὁ
1445 4059 1473 4115 δέ
1492 4063 1562 4114 ΝΑ
1581 4063 1670 4115 ἰιίιιίει

361 4165 392 4217 17
411 4156 603 4234 προγνώσεως
691 4162 704 4215 ἰ’
735 4161 885 4214 ίίἰόιίεικιιιι
903 4163 968 4216 σθεν
985 4162 1056 4215 οιιαίι
1073 4180 1111 4216 πιι
1128 4163 1243 4216 mederer
1260 4163 1318 4215 Ζιιλ
1337 4164 1365 4214 Σ
1380 4167 1455 4220 <A
1541 4163 1558 4216 8
1579 4166 1669 4234 σωτήρ

360 4266 388 4317 Σ
404 4273 436 4322 <
455 4267 479 4316 Α
546 4265 550 4328 Ι
566 4259 716 4330 εἰρημένον
736 4265 764 4316 Σ
779 4273 811 4322 <
829 4267 852 4317 A
905 4265 924 4318 9
943 4269 993 4319 τοῦ
1013 4269 1035 4317 A
1055 4275 1087 4323 <
1105 4264 1162 4317 Mai
1216 4265 1328 4319 10-12
1348 4262 1517 4336 ιἰποκριθείς
1534 4295 1566 4303 -
1585 4283 1668 4319 κιιιιι-

358 4367 512 4433 λυθήσεται
531 4365 559 4434 ζ’
574 4372 606 4420 <
624 4363 649 4414 Δ
719 4366 830 4420 12-17
851 4367 900 4420 καί
918 4359 963 4421 δτι
982 4397 1013 4436 -Ι
1032 4362 1221 4436 προγνώσεως
1238 4385 1273 4415 ω
1292 4371 1315 4419 A
1334 4383 1383 4420 vor
1401 4369 1415 4421 7
1434 4357 1483 4422 ὅτε
1559 4368 1596 4421 122
1615 4369 1670 4433 μὴν

360 4469 388 4521 Σ
402 4464 455 4535 μὲν
474 4469 497 4518 A
578 4465 615 4520 18
634 4458 728 4534 ἰλλλης]
752 4466 844 4520 lenter
862 4468 890 4520 Σ
905 4466 1012 4535 (Fehler
1038 4468 1085 4522 des
1104 4468 1224 4536 Editors)
1313 4469 1348 4522 l?
1372 4468 1387 4538 ίί
1406 4467 1493 4524 Gr<
1512 4473 1535 4520 A
1555 4469 1634 4534 (nach
1654 4463 1669 4518 ιί

358 4569 388 4626 δὲ
409 4569 449 4635 10)
520 4567 559 4620 23
576 4565 756 4623 aean-atoma
775 4570 803 4621 Σ
817 4568 1015 4624 καλίπτοισαν
1035 4574 1055 4622 A
1116 4571 1154 4624 30
1173 4567 1363 4641 προκειμένην
1383 4571 1410 4623 Σ
1425 4567 1670 4640 προειρημένηνλ

359 4675 396 4730 31
416 4687 491 4732 τινος
510 4671 532 4720 A
551 4673 601 4723 τοῦ
619 4670 647 4720 Σ
