3746 5536
746 499 786 551 12.
804 495 984 551 Bruohsbiick.
1462 501 1520 569 29*

212 658 244 724 οί
267 661 417 744 μαθηταὶ
441 651 546 727 αύτοῦ
568 656 802 748 θαυμάζοντες
825 663 1043 731 ἐπεδείκνυον
1067 657 1174 748 αύτῷ·
1210 656 1285 731 κατ’
1307 666 1437 733 ἐκείνου
1459 662 1521 750 γὰρ

212 759 446 842 ἐξενηνοχέναι
469 753 575 827 αύτόν
598 757 662 848 τήν
683 757 879 848 πρόρρησιν.

298 856 396 914 Ἰπόλιν
422 857 451 915 δὲ
476 861 493 929 η
511 867 569 916 τῶν
590 865 729 932 μαθητῶν
756 865 820 936 περὶ
845 860 931 918 αὐτοῦ
949 865 1043 936 γραφη
1062 871 1149 919 ταῦτα
1168 861 1290 920 διδάσκει
1309 861 1378 936 ὑπὲρ
1396 870 1453 920 τῶν
1471 873 1522 920 τοῦ

211 951 301 1006 τόποι·
319 956 517 1026 κολιορκητῶν
565 997 1520 1015 ....................

212 1096 1521 1115 ...........................
1556 1069 1572 1120 5

76 1160 193 1214 A260v
210 1154 245 1211 τὰ
273 1154 324 1222 μέν
343 1154 471 1228 πρόσθεν
490 1157 554 1225 κερί
573 1163 623 1210 τοῦ
641 1153 706 1222 νεώ,
733 1153 768 1210 τὰ
787 1154 816 1210 δὲ
834 1157 1022 1227 προκείμενα>
1052 1151 1127 1230 περὶ
1160 1149 1221 1232 τῆς
1250 1142 1387 1226 πόλεως
1417 1141 1521 1234 αύτῆς

97 1262 128 1314 Σ
141 1265 192 1318 151
212 1250 419 1331 ἐθεσπίςετο,
442 1243 485 1334 ἢν
510 1249 614 1315 »θεοῦ
635 1241 755 1314 πόλινι
783 1241 963 1334 ὠνόμαζον
987 1248 1019 1316 οί
1040 1239 1191 1316 >Ιουδαῐοι
1214 1243 1268 1314 διὰ
1291 1241 1354 1314 τόν
1377 1249 1414 1314 ἐν
1436 1241 1521 1332 αὐτῇ

212 1349 274 1416 τοῦ
297 1350 381 1415 θεοῦ
402 1348 581 1433 ἱδρυμένον
605 1344 702 1414 υειόν.
746 1339 966 1416 ἇποκλαίεται
988 1349 1073 1433 δῆτα
1089 1343 1153 1433 τήν
1175 1341 1351 1431 σύμπασαν
1374 1339 1479 1415 πόλιν
1502 1339 1521 1414 ό

212 1441 470 1531 φιλάνθρωπος,
503 1440 563 1532 ούχ
594 1436 686 1514 ούτω
717 1443 760 1513 τὰ
792 1441 1043 1534 οἰκοδομήματα
1070 1439 1147 1514 οῦδὲ
1169 1435 1343 1530 τοῦδαφσς
1366 1439 1449 1515 αύτό
1473 1440 1521 1526 σός

212 1543 272 1626 τός
304 1543 411 1633 ψυχὰς
441 1550 515 1614 τῶν
545 1541 652 1614 πύλαι
683 1541 878 1632 οἰκητόρων
903 1554 958 1616 καί
981 1543 1045 1632 τὴν
1068 1541 1243 1614 ύποόλειαν
1265 1539 1382 1614 αύτιῦν
1404 1547 1519 1628 ἐλειῦν,
1539 1565 1573 1618 10

212 1640 298 1714 ύλλίι
320 1642 441 1740 καὶτὰ
463 1650 524 1763 τής
544 1645 682 1771 ἐρημίας
705 1639 821 1714 αύτῶν
844 1647 966 1731 <αίτια>
989 1650 1169 1732 παρίστησι
1192 1649 1311 1730 λέγων
1346 1645 1429 1712 »εἰ”
1415 1670 1521 1764 εγνορς

213 1747 269 1812 καί
291 1769 327 1830 γε
349 1741 389 1812 σύ
409 1746 446 1812 ἐν
469 1751 510 1831 τῇ
534 1739 638 1834 ἡμέρᾳ
661 1742 768 1831 ταύτη
791 1741 832 1812 τό
848 1743 934 1830 πρὸς
957 1739 1096 1831 εἰρηνην
1114 1767 1196 1813 σοιι.
1232 1749 1383 1831 σημαίνει
1406 1741 1494 1812 δὲ
1458 1770 1521 1831 την

214 1838 320 1962 αύτρῦ
350 1851 540 1931 παρουσίαν
571 1840 627 1913 ἐπ’
644 1840 774 1970 Ηείρήνη
805 1849 868 1913 τοῦ
899 1841 1095 1930 σύμπαντος
1131 1837 1259 1930 κόσμου
1291 1848 1521 1931 γεγενημένην

214 1937 316 2022 αύτός
346 1940 408 2029 γόιρ
438 1933 481 2030 ήν
510 1948 588 2031 περί
618 1933 658 2011 οῦ
685 1946 814 2032 είρηται
840 1937 1016 2012 »ἀνατελεῑ
1035 1945 1072 2011 έν
1095 1960 1168 2022 ταῖς
1192 1937 1325 2029 ημέραις
1348 1937 1453 2011 αύτοῦ
1475 1947 1520 2012 δι-

211 2039 373 2130 καιοσύνη
396 2048 451 2112 καὶ
473 2041 607 2131 πλῆθος
638 2039 801 2131 εἰρήνηςι.
841 2040 998 2130 ἐληλύθει
1026 2046 1060 2111 δε
1082 2045 1127 2122 εἰς
1149 2036 1233 2110 αύτό
1257 2046 1360 2111 τοῦτο
1383 2038 1521 2128 κηρύξαι
1540 2059 1573 2112 15

215 2137 370 2230 »εἰρήνην
392 2160 464 2224 τοῖς
486 2141 581 2230 ἐγγύς
600 2147 658 2212 ’καὶ
680 2161 753 2224 τοῖς
774 2138 935 2230 μακρύνι,
966 2158 1038 2223 τοῖς
1060 2169 1097 2210 τε
1116 2145 1399 2227 παραδεχομένοις
1415 2135 1521 2211 αῦτόν

213 2263 325 2328 φησιν,
352 2238 507 2363 »εἰρήνην
524 2237 649 2362 ρίφίημι
670 2238 757 2331 ύμῖν,
780 2239 917 2330 εἰρήνην
940 2239 1003 2330 τὴν
1025 2237 1247 2329 ἐμὴνδίδωμι
1268 2235 1377 2327 ύμῑνι,
1400 2234 1521 2328 ἥντινα

212 2338 348 2430 εἰρήνην
380 2340 422 2412 τὰ
452 2336 532 2412 καθ
563 2334 645 2429 όλης
675 2348 736 2431 τής
767 2347 965 2430 οἰκουμένης
987 2347 1033 2421 εἰς
1058 2336 1165 2410 αὐτόν
1185 2337 1412 2410 πιστεύσαντα
1436 2342 1520 2428 ἐθνη

212 2446 428 2526 παρεδέξατο.
472 2435 491 2512 ό
523 2446 557 2512 δε
588 2445 624 2512 ἐκ
655 2447 839 2530 περιτομῆς
870 2439 951 2522 λαός
981 2439 1025 2529 μὴ
1056 2437 1235 2519 πιστεύσας
1262 2441 1308 2520 εἰς
1330 2434 1436 2510 αύτόν
1459 2435 1521 2562 ρύκ

213 2543 300 2628 ἐγνω
332 2539 375 2611 τὰ
405 2540 491 2627 πρός
521 2539 700 2630 εἰρήνην
689 2547 818 2612 εαυτοῦ.
862 2537 913 2611 διό
945 2544 1096 2628 ἐπιλέγει,
1131 2545 1211 2609 »νῦν
1242 2542 1322 2608 δέ
1262 2535 1472 2627 ίεέκρύβη>
1451 2537 1519 2611 από
1539 2553 1574 2608 20

212 2646 286 2712 τοῦν
318 2635 513 2729 ὀφθαλμῶν
543 2663 611 2720 σου,
643 2633 697 2711 ότι
720 2637 856 2729 ήξσυσιν
886 2637 1003 2729 ήμέραι
1034 2643 1089 2709 ἐπί
1111 2661 1146 2708 σε
1167 2645 1223 2708 καί
1244 2645 1464 2726 περιβαλοῦσί
1486 2663 1522 2758 ρε

213 2770 244 2858 ρι
237 2744 384 2828 ἐχθροί
415 2763 505 2812 σουι.
529 2747 563 2826 [ί
588 2739 629 2810 τό
662 2747 743 2828 γοῦν
775 2747 945 2828 μέλλοντα
976 2735 1100 2820 αύτούς
1121 2735 1381 2825 καταλήψεσθαι
1402 2737 1522 2826 μικρὸν

211 2834 419 2928 ύστερονν
383 2845 419 2912 ἐν
451 2847 493 2927 τῇ
523 2836 599 2909 κατ’
623 2835 740 2911 αύτῶν
762 2847 956 2931 πολιορκίᾳ,
988 2837 1041 2910 διόι
1064 2836 1105 2908 τό
1127 2836 1172 2926 μή
1193 2842 1444 2960 προρδέξασθαι
1466 2834 1521 2908 αύ-

212 2940 292 3022 τούς
314 2938 380 3029 τήν
400 2949 758 3028 προκαταγγελθείσαν
781 2935 896 3021 αύτοίς
911 2935 1055 3027 εἰρήνην,
1080 2937 1199 3027 ἐκρύβη
1214 2933 1283 3008 ἀπὸ
1300 2945 1372 3008 τῶν
1387 2932 1521 3024 δφθαλ-

211 3046 287 3125 μῶν
317 3035 443 3110 αύτῶν
490 3042 611 3161 ἐκείνρι
640 3045 702 3125 μὲν
732 3043 795 3111 οῦν
822 3049 869 3118 (τὰ
896 3049 968 3120 μετὰ
995 3059 1083 3106 ταῦτα
1114 3048 1210 3116 αὐτοῖς
1237 3049 1451 3122 συμβησόμενα)
1480 3034 1521 3112 ού
1539 3049 1573 3104 25

211 3145 380 3226 προείδον,
390 3135 493 3221 αύτός
503 3134 590 3209 δὲ’
549 3168 636 3210 αυτα
623 3138 752 3210 διά”
711 3167 771 3228 της
780 3163 1000 3231 προρρησεως
1015 3148 1165 3225 θεσπίζει
1175 3146 1369 3226 σαφέστατα
1378 3168 1443 3228 την
1452 3167 1520 3210 υπο

210 3234 382 3328 Ρωμαίων
401 3245 603 3328 πολιορκίαν
618 3245 876 3325 καταλαβοῦσαν
897 3236 1019 3320 αύτούς
1040 3236 1269 3326 προσημόνας·
1293 3233 1493 3327 <»ήξουσι
1457 3265 1520 3326 γαρ

295 3458 483 3529 4110131111
502 3461 530 3512 Σ
545 3459 606 3514 Luk
625 3460 750 3514 1911-41
817 3461 895 3515 fl—S.
915 3461 963 3526 80,
983 3460 1021 3515 10
1039 3485 1071 3502 =
1091 3460 1118 3512 Σ
1135 3459 1302 3514 1511-1525
1374 3459 1387 3512 ί
1409 3458 1465 3528 vgl.
1484 3458 1521 3512 Ρε

211 3563 244 3614 46
262 3559 346 3628 (LXX
363 3561 424 3630 45)1
511 3562 547 3616 11
567 3587 600 3604 =
618 3562 677 3615 Luk
696 3563 758 3617 1912
840 3562 877 3616 14
896 3588 929 3604 =
946 3561 982 3615 Ps
1001 3561 1033 3615 72
1053 3559 1138 3628 (LXX
1157 3562 1216 3626 71)⁷
1288 3560 1324 3614 16
1342 3586 1374 3602 =
1393 3560 1438 3614 Jes
1456 3563 1520 3615 5719

213 3662 247 3716 1’ί
269 3687 302 3705 ==
320 3662 373 3716 101
392 3665 453 3717 1427
523 3663 573 3718 20.
592 3664 630 3718 27
650 3690 684 3707 =
701 3663 762 3718 Luk
780 3664 866 3720 19421.

297 3865 315 3919 θ
335 3862 437 3918 Ferner
462 3863 526 3917 aber
550 3864 617 3918 ίαίινί
638 3865 682 3919 die
701 3864 806 3932 θοίινίβ
827 3865 995 3932 δανείσαιμεν
1012 3863 1077 3918 iiber
1098 3863 1150 3917 ι’ίιιι
1166 3863 1223 3917 dies
1242 3863 1305 3916 λόει
1321 3863 1365 3916 die
1382 3863 1521 3917 Ζοιείόναν

210 3965 255 4019 des
279 3965 355 4020 Ονίαε
373 3967 407 4019 Σ.
442 3964 523 4019 Dann
540 3965 613 4036 folgt
631 3967 675 4020 die
692 3955 872 4029 Uborsohrist,
890 3965 991 4020 darauf
1007 3965 1055 4020 das
1073 3964 1145 4018 Zitat
1244 3967 1262 4020 6
1280 3964 1337 4018 Das
1355 3983 1403 4018 υω·
1419 3966 1519 4018 diesem

212 4067 286 4121 ωσι-δ
303 4067 368 4121 fiber
384 4068 436 4121 τίαιι
457 4067 559 4135 Ίίωμεί
573 4068 736 4136 ηιιναίεεοηί,
754 4068 804 4120 das
821 4066 989 4136 υονίίοηεκιίε
1006 4067 1069 4121 σόαι
1085 4068 1114 4120 Σ
1129 4071 1216 4122 ταῦτα
1236 4071 1258 4119 Α
1328 4066 1434 4134 saffira
1457 4067 1520 4120 σόει

212 4169 239 4220 Σ
303 4167 406 4236 Ιπόλιν
424 4177 457 4229 <
475 4171 504 4222 Σ
569 4166 687 4238 θαῦτδ]
707 4165 811 4236 αότῑγςθ
830 4170 857 4222 Σ
943 4169 978 4224 11
998 4169 1042 4222 δία
1066 4168 1184 4222 δ’νεοσίιε
1202 4169 1230 4220 Σ
1245 4177 1278 4226 <
1296 4171 1320 4220 Α
1391 4169 1427 4224 15
1446 4167 1476 4225 δέ
1494 4171 1522 4222 Σ

211 4267 240 4325 τὲ
260 4275 281 4323 1
354 4272 390 4327 16
407 4271 458 4328 καί
474 4277 507 4336 «1-
525 4271 639 4325 Men
659 4272 687 4323 Σ
756 4272 793 4328 18
810 4270 855 4340 τὰ]
874 4269 967 4326 πάντα
986 4270 1021 4326 τὰ
1040 4272 1067 4324 Σ
1118 4271 1157 4326 10
1175 4269 1204 4326 δὲ
1222 4279 1255 4328 <
1273 4271 1302 4322 Σ
1352 4270 1399 4326 21.
1414 4273 1452 4326 22
1471 4272 1520 4326 καί

211 4403 244 4410 -
263 4389 314 4428 σου
332 4377 356 4426 Α
375 4374 407 4426 Σ.
444 4375 468 4428 Α
486 4373 575 4428 δίοίεί
592 4372 636 4428 ein
656 4374 727 4428 noch
745 4372 872 4443 ltingeres
891 4373 964 4427 zimt
982 4390 1029 4425 aus
1047 4371 1115 4438 Luk,
1134 4371 1175 4425 als
1193 4371 1271 4424 nieht
1288 4371 1378 4425 euseb.
1398 4371 1519 4442 gekenn·

213 4472 344 4542 zeiohneb,
363 4475 399 4528 da
416 4475 461 4528 die
479 4475 624 4530 Randnobe
642 4473 770 4547 εόσεβίου
788 4475 861 4545 folgb
913 4475 952 4530 13
969 4467 1033 4530 κατ’
1051 4470 1144 4529 αὐτῶν
1157 4485 1187 4530 <
1202 4474 1229 4526 Σ
1276 4472 1518 4542 Ιπροσδέξασθαι]

212 4573 307 4628 υσνίιεν
324 4576 432 4630 ωανίωιι
450 4578 478 4630 Σ
493 4577 704 4647 (innersyrische
722 4575 897 4644 Verderbnis)
993 4576 1031 4632 25
1049 4593 1106 4629 was
1124 4575 1208 4628 ι’ίιιιαι
1225 4573 1344 4628 nuchhar
1361 4574 1476 4642 ηεοοόοίι
1494 4575 1522 4626 Σ

212 4681 301 4730 ταῦτα
320 4679 344 4730 Α
414 4679 513 4733 θί-θ.
527 4678 613 4746 θθ,4
632 4676 729 4747 ἥξουσι
747 4709 779 4716 -
798 4695 843 4732 σοι
861 4679 888 4729 Σ
904 4686 937 4734 <
950 4681 974 4730 Δ
