3746 5536
732 517 772 570 12.
790 515 969 571 Bruchstflck.
1452 519 1510 584 27*

184 686 276 768 μέγα
302 675 481 768 ἐφρόνουν,
505 675 681 767 τάπίχειρα
709 671 759 750 ών
782 682 926 766 ἐδρασαν
948 681 980 751 σί
1007 677 1182 769 οἰκήτορες
1203 690 1339 763 παθεῖν,
1362 677 1439 769 άδὴ
1455 687 1511 751 καὶ

185 777 414 851 πεπόνθασιν
436 776 498 850 ούκ
520 785 566 861 εἰς
587 775 729 867 μακράν,
750 773 924 868 Ῥωμαίων
946 775 1173 850 ἐπελθόντων
1196 785 1239 867 τῇ
1253 775 1351 850 πόλει
1366 789 1421 850 καί
1437 787 1511 852 τών

75 891 103 941 Σ
120 893 169 946 149
189 876 393 970 οἰκητόρων
415 879 495 961 τοὺς
516 883 577 967 μὲν
591 884 744 966 πολέμου
758 874 854 967 νόμῳ
870 876 1175 967 κατασφαξάντων,
1200 879 1281 961 τούς
1296 875 1327 948 δ’
1345 879 1511 967 αἰχμαλώ·

188 1009 277 1062 τους
303 975 563 1069 άπαγαγόντων,
586 977 665 1060 τούς
689 981 724 1048 δὲ
746 983 832 1066 λιμῷ
857 976 1146 1065 διαφθειράντων,
1170 979 1252 1060 τοὺς
1266 975 1301 1048 δ’
1324 975 1512 1050 άπελασάν·

188 1109 270 1150 τιον
295 1085 350 1150 καί
373 1082 419 1160 εἰς
441 1075 557 1151 πάντα
579 1075 692 1149 τόπον
714 1075 1023 1162 διασκεδασάντων,
1056 1073 1175 1149 τόνδ’
1198 1079 1295 1150 οίκον
1317 1075 1435 1150 αύτών
1456 1085 1512 1148 καὶ
1547 1093 1563 1143 5

189 1179 259 1251 τὸν
285 1180 376 1250 νεών
406 1174 656 1267 ἐμπρησάντων
682 1182 729 1260 εἰς
751 1175 874 1265 ἐσχατά
895 1205 934 1248 τε
956 1181 1092 1266 ἐρημίας
1114 1173 1382 1266 περιβαλόντων.
1426 1173 1512 1249 άλλὰ

189 1280 257 1368 γάρ
284 1277 421 1350 τούτων
444 1283 482 1348 ἐν
505 1297 577 1360 τοῖς
598 1275 680 1366 μετόι
704 1282 813 1347 ταῦτα
834 1273 970 1365 χρόνοις
993 1282 1187 1366 γενομένων
1209 1279 1395 1366 προλαβών
1414 1273 1432 1347 ό
1449 1299 1511 1347 σω-

189 1378 258 1468 τὴρ
285 1376 327 1450 τό
350 1385 473 1466 μέλλον
495 1385 537 1465 τῇ
560 1375 750 1466 προγνώσει
772 1376 826 1448 οία
849 1374 930 1458 θεὸς
945 1373 1046 1466 λόγος
1061 1377 1105 1448 τά
1120 1375 1350 1465 συμβησόμενα
1365 1405 1512 1466 προαγο-

189 1478 285 1567 ρεύει
309 1477 364 1548 διὰ
385 1486 461 1550 τών
481 1481 723 1565 προκειμένων.
767 1482 870 1546 τέκνα
893 1482 928 1547 δὲ
949 1483 1011 1566 τῆς
1032 1473 1168 1557 πόλεως
1189 1470 1344 1564 ὀνομάζει
1372 1476 1414 1548 τὸ
1436 1473 1512 1548 Ἰου-

188 1585 307 1650 δαίων
322 1583 392 1649 πᾶν
409 1579 518 1660 ἐθνος,
535 1578 631 1647 οἰκον
646 1580 682 1646 δὲ
698 1571 814 1646 αύτών
830 1571 997 1646 ἀποκαλεῖ
1012 1573 1075 1646 τόν
1090 1575 1188 1646 νεών.
1222 1577 1294 1646 είτα
1309 1574 1513 1666 μαρτύρεται
1532 1586 1565 1640 10

190 1671 250 1748 ότι
276 1677 369 1766 παρὰ
391 1676 457 1766 τήν
480 1672 596 1746 αὐτῶν
618 1680 730 1746 αἰτίαν
752 1674 795 1744 τὰ
818 1673 1006 1762 σκυθρωπὰ
1022 1673 1147 1756 αύτούς
1162 1675 1404 1763 μετελεύσεται,
1428 1681 1513 1747 ἐπει-

190 1775 306 1867 δήπερ
338 1774 440 1860 αύτός
470 1783 532 1866 μὲν
553 1771 720 1855 πολλάκις
742 1778 997 1862 ἐπισυναγαγεῖν
1024 1771 1141 1845 αὐτῶν
1168 1774 1211 1844 τὰ
1233 1781 1337 1846 τέκνα
1358 1774 1425 1847 ύπό
1448 1775 1513 1847 τόν

191 1884 258 1966 τῆς
283 1884 475 1961 θεοσεβείας
497 1875 598 1964 ζυγόν
620 1872 827 1963 βεβούληται,
851 1873 906 1944 οἷα
928 1880 992 1944 τοῦ
1013 1872 1143 1955 παντός
1159 1884 1272 1958 (προὼν
1290 1890 1339 1943 καῖ
1352 1885 1512 1954 ἐξαίῶνοςξ)

192 1975 368 2066 πρόνοιαν
391 1971 508 2048 αύτών
530 1981 759 2064 πεποιημένος
782 1969 822 2045 δι’
847 1970 991 2045 ἑκάστου
1013 2001 1049 2044 τε
1072 1972 1257 2063 προφήτου
1270 1985 1326 2047 καὶ
1341 1974 1423 2046 καθ’
1441 1974 1512 2048 ἐκά-

192 2103 285 2168 στην
306 2075 426 2166 γενεάν
448 2080 665 2163 ἐπιστρέφων
688 2069 812 2156 αύτούς
826 2082 882 2144 καὶ
897 2070 1180 2162 ἀνακαλούμενος,
1207 2080 1239 2145 οἱ
1254 2080 1289 2145 δὲ
1305 2073 1367 2146 ούκ
1383 2073 1512 2165 ήθελον
1533 2095 1564 2145 15

192 2174 388 2248 ύπακοῦσαι
415 2183 457 2264 τῇ
479 2173 608 2264 κλήσει,
641 2165 681 2246 ού
705 2173 745 2262 δή
766 2169 864 2261 χάριν
895 2173 960 2262 τήν
980 2169 1055 2244 κατ’
1079 2171 1196 2244 αύτών
1218 2171 1392 2262 άπόφασιν
1414 2203 1513 2263 προε-

194 2275 360 2367 νήνεκται
383 2276 503 2347 εἰπών·
541 2274 634 2345 »ἰδού
656 2270 793 2360 ἀφίεται
815 2269 892 2361 ύμῖν
914 2269 932 2343 ό
956 2275 1049 2357 οίκος
1070 2269 1166 2362 ύμοόν
1188 2277 1337 2364 ἐρημοςι.
1382 2273 1514 2363 σφόδρα

195 2384 233 2448 δὲ
257 2374 402 2464 άκριβώς
433 2372 475 2445 ού
497 2373 561 2464 τήν
584 2371 686 2444 πόλιν
709 2375 834 2461 ἐρημον
857 2375 992 2444 ἔσεσθαί
1024 2397 1140 2462 φησιν,
1172 2369 1259 2445 άλλὰ
1281 2374 1344 2446 τόν
1367 2379 1404 2446 ἐν
1428 2373 1513 2464 αὐτῇ

196 2479 306 2560 οῖ’κσν,
330 2474 457 2565 δηλαδή
480 2472 544 2546 τόν
567 2472 665 2556 νεών,
689 2466 729 2542 όν
752 2468 865 2544 ούκέτι
888 2472 1010 2544 ἑαυτοῦ
1026 2469 1120 2560 [ἀλλ’]
1144 2470 1221 2544 ούδέ
1238 2482 1301 2546 τοῦ
1317 2481 1401 2545 θεοῦ
1417 2477 1513 2548 οἰκον

195 2574 360 2661 βούλεται
388 2580 617 2664 χρηματίζειν,
649 2567 723 2644 ἀλλ’
755 2567 873 2643 αὐτῶν
904 2575 990 2643 εἶναί
1021 2597 1132 2662 φησιν.
1185 2577 1307 2662 ἔρημον
1338 2581 1374 2645 δε
1406 2571 1565 2645 αύτὸνῖσ

198 2679 336 2746 ἔσεσθαι
357 2680 509 2760 θεσπίζει
531 2670 593 2746 ούκ
616 2672 731 2753 άλλως
753 2667 857 2760 ήύπό
874 2677 934 2760 τῆς
948 2667 1122 2761 πρότερον
1136 2673 1384 2763 ἐπισκοπούσης
1406 2671 1514 2745 αύτόν

196 2783 365 2864 προνοίας
386 2771 762 2862 καταλειφθησόμενον,
785 2775 836 2859 (δι’
854 2781 870 2840 δ
888 2779 979 2841 εἶπεν·
1011 2774 1103 2844 »ἰδού
1122 2771 1259 2860 ἀφίεται
1281 2771 1359 2863 ύμῖν
1379 2769 1398 2845 ό
1421 2774 1516 2854 οἰκος

197 2872 298 2962 ύμών
321 2877 487 2963 έρημοςι>.
530 2881 585 2944 καί
608 2872 648 2963 δή
672 2870 842 2962 θαυμάσαι
857 2875 927 2945 ἐστι
942 2881 1006 2947 τοῦ
1022 2872 1126 2963 λόγου
1147 2873 1188 2945 τό
1212 2869 1435 2962 άποτέλεσμα,
1460 2867 1514 2944 ότι

198 2976 242 3064 δή
265 2970 343 3064 μηδ’
367 2973 493 3046 άλλοτε
523 2972 665 3043 πώποτε
698 2972 870 3063 τοσαύτην
900 2970 1076 3062 ύπέμεινεν
1102 2977 1242 3063 ἐρημίαν
1265 2969 1283 3044 ό
1306 2972 1415 3055 τόπος
1437 2968 1513 3044 οὐδ’

199 3069 262 3147 ότε
283 3072 336 3145 διά
357 3072 417 3155 τὰς
437 3070 713 3161 ὑπερβαλλούσας
735 3069 852 3144 αύτών
875 3081 1062 3157 δυσσεβείας
1084 3079 1139 3143 καὶ
1155 3078 1435 3159 εἰδωλολατρείας
1452 3068 1512 3156 τάς
1531 3088 1563 3139 ‘25

201 3203 241 3246 τε
263 3172 350 3244 κατὰ
374 3179 447 3243 τών
469 3179 662 3262 προφητῶν
688 3178 883 3262 μιαιφονίας
904 3171 971 3244 ύπό
995 3180 1231 3256 Βαβυλωνίων
1253 3169 1340 3260 ήλω·
1376 3173 1512 3260 ἑβδομη-

200 3272 390 3362 κονταετής
411 3271 475 3361 γὰρ
498 3267 517 3343 ό
540 3278 606 3354 πᾶς
628 3279 689 3362 τῆς
711 3272 911 3363 ἐρημώσεως
933 3278 996 3343 τοῦ
1010 3269 1122 3343 τόπου
1136 3268 1259 3360 χρόνος
1274 3267 1347 3342 κατ’
1364 3275 1514 3354 ἐκείνους

201 3370 359 3462 ἐγενήθη.
402 3371 455 3443 διὸ
478 3368 540 3444 ούκ
563 3369 606 3442 ἂν
627 3380 753 3462 κυρίως
775 3377 895 3462 ἐλέχθη
919 3368 1035 3456 αύτοῖς
1058 3369 1138 3443 τότε
1160 3369 1201 3442 τό
1232 3371 1354 3458 »(ίδού)
1376 3366 1514 3456 άφίεται

200 3471 280 3562 ύμῖν
303 3467 322 3544 ό
345 3475 438 3553 οἰκος
459 3468 556 3561 ύμών
577 3475 726 3562 ἐρημοςι.
764 3471 804 3544 ού
824 3472 886 3560 γάρ
910 3468 1045 3558 άφείθη,
1068 3471 1164 3559 ἐτυχε
1186 3476 1221 3541 δὲ
1242 3475 1427 3559 ἐπισκοπῆς
1441 3465 1512 3559 μετ’

202 3570 244 3644 ού
266 3571 377 3644 πολύυ
397 3567 534 3661 χρόνον,
556 3569 635 3642 καθ’
652 3565 693 3644 όν
708 3569 927 3654 ἀνανεώσεως
948 3579 1102 3660 μείζονος
1117 3566 1139 3659 ἢ
1153 3569 1241 3641 κατά
1262 3569 1327 3659 τήν
1341 3576 1513 3659 προτέραν
1532 3584 1565 3636 30

203 3669 346 3762 ἠξιώθη,
371 3667 419 3754 τός
440 3690 618 3758 προειπεῖν
639 3700 716 3742 τινα
739 3679 812 3744 τῶν
833 3677 1029 3760 προφητῶν
1052 3663 1106 3741 ότι
1128 3669 1168 3759 δή
1195 3674 1305 3741 »ἐσται
1321 3665 1433 3758 ήδόξα
1451 3675 1515 3742 τοῦ

204 3777 300 3844 οίκου
322 3769 450 3842 τούτου
462 3766 482 3859 ή
494 3767 617 3858 ἐσχάτη
639 3769 723 3862 ύπέρ
739 3770 803 3861 τήν
819 3776 1022 3861 προτέραυι.
1050 3770 1135 3859 μετὰ
1151 3776 1186 3841 δέ
1201 3768 1266 3857 τήν
1282 3776 1344 3840 τοῦ
1359 3775 1514 3859 σωτῆρος

289 3993 339 4049 17.
359 3995 409 4048 22.
430 3993 468 4047 28
487 4017 520 4034 =
538 3992 630 4046 Matth
648 3993 710 4046 23³8
780 3992 817 4047 81
837 4019 870 4035 =
887 3993 951 4062 Hag
968 3993 1001 4046 29

289 4194 478 4266 ἐμακρόνΑ
584 4194 602 4248 θ
628 4191 693 4258 τοὺς
719 4188 744 4247 δ’
769 4224 802 4233 -
830 4189 1040 4264 ἀπαγαγόντων
1062 4213 1098 4242 ω
1116 4194 1144 4246 Σ
1167 4192 1260 4246 hinter
1285 4187 1514 4260 διαφθειράντων

203 4299 221 4352 ι’)
240 4281 288 4352 καί
307 4329 338 4336 -
357 4294 601 4353 διασκεδασάντων
620 4299 643 4348 Α
662 4304 695 4354 <
713 4297 741 4347 Σ
792 4287 903 4364 Ιοίκον]
928 4294 1155 4363 Θσβαιιηωιοοίιιιβ
1175 4296 1202 4346 Σ
1218 4291 1429 4360 (innersyrische
1447 4291 1514 4345 Ver·

204 4397 324 4467 derbnis)
391 4396 505 4467 Ιαίτᾶιν
523 4412 553 4458 <
574 4399 602 4451 Σ
671 4394 761 4470 λγὰρ
780 4406 813 4456 <
831 4399 859 4450 Σ
926 4398 1034 4453 δθεοῦ
1053 4397 1080 4448 Σ
1149 4396 1186 4450 13
1203 4394 1253 4446 wie
1270 4411 1299 4446 er
1316 4410 1364 4448 τον
1381 4393 1461 4446 allam
1478 4393 1515 4446 ιἐῖ

201 4499 259 4552 und
285 4516 336 4552 υοπ
354 4499 484 4568 Ειιιηίιειλ
514 4500 615 4568 ίαεονφῖ
633 4517 691 4552 war
716 4515 765 4551 ιιαι
791 4499 832 4551 sie
850 4501 878 4551 Σ
902 4491 949 4553 οἶα
974 4494 1006 4554 ἐκ
1023 4503 1075 4552 τοῦ
1099 4494 1206 4560 παντὸς
1225 4493 1367 4566 πρόνοιαν
1386 4534 1392 4548 .
1412 4535 1418 4546 .
1438 4533 1445 4551 .
1466 4537 1471 4548 .
1490 4497 1515 4548 A

204 4603 242 4655 19
261 4595 322 4656 ἀλλ’
341 4605 364 4654 Α
383 4609 416 4660 <
435 4602 463 4654 Σ
531 4604 569 4657 22
588 4594 622 4656 δι’
639 4630 672 4639 -
691 4595 796 4670 ἕρημος
813 4601 841 4652 Σ
857 4609 889 4658 <
908 4604 932 4653 Α
990 4601 1027 4655 25
1042 4596 1260 4668 εἰδωλολατρίας
1278 4600 1300 4648 Α
1356 4595 1394 4651 28
1413 4592 1515 4665 ἐλέχθη

202 4703 259 4756 Mai
278 4703 307 4756 Σ
322 4699 442 4773 ἐλέγχθη
462 4707 485 4756 Α
552 4700 633 4770 Ιίδοὺ
651 4704 678 4754 Σ
694 4703 767 4760 <Α
839 4702 874 4756 31
896 4696 973 4756 ἐσται
992 4709 1024 4765 λ-
1042 4698 1152 4770 μεγάλη
1172 4701 1199 4752 Σ
1216 4701 1258 4767 (=
1278 4699 1353 4766 Ρεέί)
