3746 5536
352 479 411 545 30*
933 476 1074 532 Eusebiae.

353 633 469 728 ἡμέραι
489 643 544 710 ἐπί
565 662 632 724 σει,
656 631 711 710 ότι
725 635 788 710 οῦκ
801 641 908 728 έγνως
930 638 972 710 τά
994 640 1081 728 πρὸς
1104 638 1241 731 εἰρήνην
1263 663 1324 712 σοι.
1354 652 1399 708 σιὰ
1416 649 1521 722 ταύτην
1538 651 1595 726 γὰρ
1613 657 1662 723 ιην

352 747 445 808 αἰτίαν
470 736 627 830 »ἥξουσιν
649 737 765 829 ἡμέραι
787 745 843 810 ἐπί
865 762 900 810 σε
921 745 976 809 καὶ
992 745 1227 827 περιβαλοῦσιν
1241 745 1273 811 οί
1291 745 1408 829 ἐχθροί
1425 765 1486 814 σου
1501 748 1556 814 καὶ
1570 771 1662 832 περι-

350 841 562 912 κυκλώσουσί
592 863 628 910 σε
658 848 713 910 καὶ
744 845 915 926 συνέξουσί
945 864 981 909 σε
1006 838 1185 911 ποντόθεν
1211 848 1267 909 καὶ
1288 846 1463 927 ἐδαφιοῦσί
1485 865 1520 914 σε
1542 850 1598 913 καὶ
1620 843 1662 914 τά

353 946 454 1012 τέκνα
483 962 544 1009 σου
575 942 612 1010 ἐν
642 944 742 1027 σοι,ι>
765 936 966 1027 ὑπογράψας
988 951 1032 1020 (δὲ
1049 950 1094 1008 διὰ
1111 950 1233 1020 τούτων)
1257 937 1319 1011 τὸν
1346 937 1480 1026 τρόπον
1502 946 1567 1011 τοῦ
1586 936 1662 1010 κατ’

317 1049 333 1100 5
353 1037 469 1111 αὐτῶν
484 1044 709 1127 γενησομένου
723 1044 881 1128 πολέμου.
913 1034 1009 1124 ὅπως
1024 1047 1060 1112 δέ
1075 1047 1130 1113 ἐπὶ
1139 1047 1244 1129 πέρας
1260 1038 1349 1130 ήχθη
1366 1046 1483 1124 ταῦτα,
1499 1035 1663 1128 πάρεστιν
1681 1048 1710 1099 Σ
1724 1049 1779 1101 152

352 1137 421 1212 άπὸ
444 1146 505 1230 τῆς
527 1135 691 1226 Ἰωσήπου
711 1144 843 1226 γραφῆς
865 1134 1106 1226 ἀναλέξασθαι,
1138 1136 1176 1223 ῦς
1198 1141 1239 1230 δὴ
1261 1136 1420 1221 Ἰουδαῖος
1450 1132 1503 1210 όῦν
1524 1147 1579 1210 καὶ
1601 1145 1663 1228 τῆς

350 1236 431 1327 παρ’
463 1236 579 1320 αῦτοῐς
600 1234 780 1327 Ἰουδαϊκῆς
811 1244 920 1328 φυλῆς
942 1241 1091 1328 γεγονώς
1114 1248 1188 1313 τῶν
1210 1269 1248 1311 τε
1269 1236 1444 1329 ἐπισήμων
1465 1245 1521 1310 καὶ
1543 1243 1661 1326 ἐπιφα-

352 1347 425 1411 νῶν
456 1342 493 1408 ἐν
524 1345 576 1427 τῷ
607 1339 708 1421 ἔθνει,
740 1336 827 1408 κατὰ
859 1337 940 1421 τοῦς
969 1336 1112 1428 χρόνους
1143 1346 1205 1430 τῆς
1225 1346 1424 1428 πολιορκίας
1445 1339 1569 1410 ἐκαστα
1589 1347 1662 1410 τιῦν

350 1443 599 1527 πεπραγμένων
629 1433 783 1527 ίοτόρησε
814 1436 982 1526 σύμφωνα
1016 1457 1089 1520 ταῖς
1119 1445 1354 1529 προκειμέναις
1384 1437 1587 1528 προρρήσεσι
1619 1440 1661 1509 τὰ

300 1553 333 1606 10
351 1533 610 1627 ἀποτελέσματα
632 1534 858 1625 παραστήσας.
882 1544 914 1622 [ί

350 1792 564 1808 .....
607 1737 660 1808 διὰ
691 1743 766 1808 τῶν
795 1743 1029 1824 προκειμένων
1062 1754 1179 1826 σημεῖα
1210 1743 1326 1808 δίδωσι
1359 1743 1421 1808 τοῦ
1450 1745 1569 1824 καιροῦ
1601 1746 1660 1828 τῆς
1679 1759 1702 1808 A
1721 1759 1794 1812 ἓῖιιι

349 1842 543 1919 παντελοῦς
564 1841 702 1926 ἐρημίας
724 1842 789 1906 τοῦ
810 1834 931 1916 τόπου,
954 1841 988 1923 <a
1016 1850 1048 1918 δη
1075 1849 1223 1918 παρίστησι
1246 1848 1345 1919 λέγων,
1379 1830 1484 1908 »όταν
1508 1842 1543 1907 δὲ
1567 1842 1658 1926 ίδητε

349 1944 580 2026 κυκλουμένην
601 1933 669 2007 ῦπό
691 1940 934 2021 στρατοπέδων
954 1929 1172 2027 Ἰερουσαλήμ,
1204 1933 1285 2009 τότε
1315 1944 1425 2026 γνιῦτε
1448 1929 1503 2007 ότι
1525 1934 1659 2026 ήγγικεν

300 2032 371 2126 15ή
393 2035 559 2126 ἐρήμωσις
580 2032 730 2125 αῦτῆςι).
773 2039 886 2124 μηδείς
909 2031 980 2124 γάρ,
1013 2043 1103 2124 φησί,
1135 2035 1363 2124 προσδοκάτω
1392 2035 1477 2125 μετὰ
1503 2035 1570 2124 τήν
1591 2040 1659 2107 ἐσο-

348 2144 452 2225 μένην
473 2143 675 2222 πολιορκίαν
696 2140 752 2204 καὶ
774 2133 839 2223 τήν
861 2137 915 2203 ἐπί
939 2133 1046 2224 ταῦτη
1060 2142 1289 2225 γενησομένην
1309 2141 1450 2225 ἐρημίαν
1469 2143 1532 2207 τοῦ
1547 2131 1659 2208 τόπου

349 2237 469 2324 ἑτέραν
478 2231 582 2324 αὐτῆς
591 2237 724 2306 ἔσεσθαι
734 2231 932 2318 ἀνανέωσιν,
944 2231 992 2317 σός
1006 2241 1061 2306 ἐπὶ
1076 2243 1150 2306 τιῦν
1163 2233 1301 2324 χρόνων
1316 2235 1431 2324 Κόρου
1440 2241 1503 2306 τοῦ
1518 2241 1660 2322 Περσων

348 2342 513 2420 βασιλέως
535 2340 651 2424 γέγονε
681 2340 737 2402 καὶ
758 2333 841 2421 μετὰ
864 2340 972 2406 ταῦτα
994 2330 1046 2406 ἐπ’
1067 2330 1242 2423 Ἀντιόχου
1272 2341 1356 2422 [τοῦ]
1379 2331 1583 2419 Ἐπιφανοῦς
1604 2342 1658 2405 καὶ

349 2433 454 2507 πάλιν
476 2438 530 2506 ἐπὶ
554 2438 741 2521 Πομπηίου.
783 2430 949 2515 πολλάκις
970 2433 1033 2521 γάρ
1055 2429 1118 2523 ήδη
1141 2442 1345 2521 πολιορκίαν
1366 2429 1549 2519 ῦπομείνας
1571 2428 1659 2504 ὁτό-

298 2548 332 2602 ‘20
349 2565 424 2618 πος,
447 2543 601 2622 μείζονος
622 2527 755 2621 ἠξιώθη
776 2529 860 2620 μετὰ
883 2538 992 2602 ταῦτα
1014 2541 1119 2623 τιμῆς.
1157 2530 1244 2606 άλλὰ
1267 2539 1328 2603 νῦν
1350 2533 1415 2622 τήν
1434 2530 1577 2621 ἐσχάτην
1600 2538 1660 2621 τῆς

348 2632 483 2716 πόλεως
517 2637 658 2720 ἐρημίαν
687 2638 744 2703 καὶ
766 2628 831 2701 τὸν
851 2637 1003 2720 παντελῆ
1029 2627 1221 2721 άφανισμὸν
1243 2631 1481 2704 ἐπελεύσεσθαι
1503 2628 1589 2720 αῦτῆ
1611 2661 1659 2721 γι-

349 2733 507 2816 νώσκετε,
540 2729 678 2802 ἐπειδάν
710 2734 821 2818 »ἴδητε
853 2726 960 2819 αῦτήν
981 2727 1049 2802 ῦπὸ
1072 2738 1315 2819 στρατοπέδων
1336 2739 1659 2822 πολιορκουμένηνι.

348 2830 519 2925 ἐρήμωσιν
534 2838 570 2903 δὲ
585 2838 647 2920 τῆς
657 2827 867 2918 Ἰερουσαλὴμ
883 2824 1039 2920 ὀνομάζει
1050 2837 1112 2903 τοῦ
1122 2837 1214 2919 ἱεροῦ
1229 2832 1293 2904 τόν
1308 2828 1501 2919 ἀφανισμόν
1515 2839 1571 2902 καὶ
1587 2839 1659 2904 τιῦν

350 2937 386 3004 ἐν
401 2928 494 3022 αὐτῷ
518 2929 623 3003 πάλαι
645 2926 815 3016 πρότερον
832 2929 920 3000 κατὰ
935 2929 999 3001 τόν
1012 2939 1165 3014 Μωσέως
1177 2929 1286 3022 νόμον
1307 2937 1581 3022 ἐπιτελουμένων
1596 2932 1661 3022 τήν

298 3046 331 3098 25
349 3041 554 3119 καθαίρεσιν.
589 3031 634 3120 μή
656 3029 720 3120 γάρ
742 3029 783 3119 δή
806 3034 868 3117 τῆς
888 3025 1025 3112 πόλεως
1047 3028 1151 3120 αὐτῆς
1173 3036 1311 3121 ἐρημίαν
1333 3027 1449 3118 νόμιζε
1470 3037 1658 3119 δηλοῦσθαι

349 3133 404 3205 διά
426 3131 564 3205 τούτων
594 3127 641 3214 σός
662 3128 807 3220 μηδενὸς
828 3135 866 3199 ἐν
886 3124 972 3217 αῦτῆ
993 3138 1111 3219 μηκέτι
1141 3128 1417 3220 κατοικήσαντος.
1460 3135 1605 3218 ἐπιλέγει
1627 3127 1659 3201 δ’

349 3224 411 3306 οῦν
442 3233 517 3321 ἑξῆς
548 3225 602 3302 ότι
632 3226 919 3319 κατοικηθήοεται
950 3227 1106 3318 ἡπόλις,
1138 3227 1179 3302 οῦ
1200 3230 1267 3320 μὴν
1289 3228 1356 3301 ῦπό
1378 3227 1555 3316 Ἰουδαίων,
1587 3227 1659 3302 ἀλλ’

348 3329 415 3404 ῦπό
438 3335 555 3403 ἐθνῶν
578 3334 647 3412 <ὧδέ
660 3362 698 3412 πη
710 3342 808 3412 λέγων,
829 3343 892 3397 »καί
908 3333 1088 3412 Ἰερουσαλήμ
1108 3338 1187 3399 ἔσται
1204 3342 1366 3413 πατουμένη
1384 3339 1440 3398 ὑπὸ
1459 3340 1577 3400 ἐθνῶνι.
1604 3362 1659 3399 τοι·

347 3452 455 3518 γαροῦν
475 3438 552 3501 οἶδεν
570 3441 614 3501 δτι
631 3447 871 3514 κατοικηθήσεται
888 3441 943 3500 ὑπὸ
962 3441 1077 3512 ἐθνῶν).
1119 3430 1289 3522 ἐρήμωσιν
1310 3437 1346 3504 δὲ
1368 3428 1473 3523 αῦτῆς
1495 3429 1663 3506 ἇποκαλεῑ
1679 3459 1706 3510 Σ
1718 3459 1765 3512 153

433 3655 686 3710 2=Luk194sss
792 3654 978 3724 llsolgtin
1005 3656 1033 3708 Σ
1059 3654 1117 3709 [πίε
1134 3656 1259 3708 21εσ-ει
1363 3653 1662 3719 12-s.82,ss=2·

348 3759 531 3813 15214-1544
602 3757 648 3812 13.
669 3759 707 3813 22
726 3783 753 3800 =
778 3755 838 3809 Luk
856 3757 919 3811 2120
988 3757 1027 3813 28
1045 3783 1078 3800 =
1097 3757 1157 3811 Luk
1174 3757 1239 3810 2124

433 3959 516 4014 4σοι
533 3964 566 4022 -ί-
583 3959 632 4012 καί
650 3961 674 4010 Α
792 3957 845 4024 1δέ
866 3986 898 3996 -
915 3955 1024 4012 τούτων
1042 3958 1070 4010 Σ
1085 3965 1118 4016 <
1136 3961 1160 4010 Α
1263 3952 1501 4023 θάναλέξασθαι]
1523 3955 1616 4022 μηδεν
1634 3955 1662 4007 Σ

350 4061 388 4115 10
406 4061 592 4131 παραστήσας
609 4061 643 4126 -ί-
662 4063 685 4111 A
704 4059 785 4113 einen
803 4059 866 4112 Satz
884 4073 915 4118 <
935 4060 968 4112 Σ.
1004 4059 1113 4113 Darauf
1135 4058 1207 4128 folgt
1234 4059 1263 4111 in
1281 4059 1309 4110 Σ
1334 4057 1396 4111 eine
1413 4045 1587 4110 Uberschrist
1603 4055 1660 4109 und

348 4162 397 4216 das
415 4161 582 4216 Lukaszitat.
676 4161 788 4216 18-15
807 4160 865 4228 das,
884 4177 940 4214 ιναε
958 4180 987 4215 ον
1004 4161 1074 4228 κοτἠί
1091 4160 1150 4213 und
1165 4165 1226 4227 σαηί
1244 4177 1310 4212 usw.
1329 4160 1358 4212 Σ
1374 4177 1403 4218 <
1423 4162 1447 4211 A
1553 4158 1590 4214 18
1609 4165 1660 4212 τοῦ

347 4267 372 4318 Δ
390 4273 423 4323 <
440 4263 499 4317 Mai
551 4263 589 4318 19
608 4261 657 4332 ἤδη
676 4273 709 4321 <
727 4264 755 4315 Σ
810 4265 850 4319 20
867 4263 958 4332 τιμῆς]
977 4263 1157 4328 Ενπειιειταιμ
1175 4261 1203 4312 Σ
1249 4266 1318 4328 Ινῦν
1337 4271 1369 4319 <
1388 4260 1416 4312 Σ
1475 4259 1514 4314 24
1532 4256 1583 4314 τὸν
1603 4299 1608 4311 .
1627 4299 1658 4313 ..

347 4365 440 4433 νόμον
457 4365 515 4418 Mai
532 4366 560 4417 Σ
583 4372 641 4420 τῶν
659 4365 756 4433 νόμων
774 4369 798 4417 A
885 4367 925 4420 20
941 4357 965 4419 δ’
982 4357 1042 4434 οὖν]
1060 4363 1182 4416 αι’ίιαίίσίι
1201 4364 1229 4416 Σ
1304 4363 1354 4418 28.
1373 4363 1412 4417 29
1431 4351 1486 4416 ὧδε
1504 4391 1537 4400 -
1555 4357 1659 4430 ἐθνῶν]

347 4467 440 4519 τίιιίενι
457 4483 487 4518 er
504 4483 533 4519 το
551 4472 626 4535 saqt:
653 4465 805 4520 Jerusalem
831 4467 902 4519 ισίνδ
925 4470 1056 4519 κστίνείια
1082 4465 1185 4518 werden
1205 4482 1256 4518 τοπ
1282 4465 1333 4518 den
1356 4463 1472 4517 Vbllcem
1493 4463 1552 4516 ιιοιί
1567 4462 1660 4530 sonan

349 4570 413 4638 (syr.
431 4567 605 4635 Verderbnis,
631 4567 695 4623 lies:
721 4569 780 4622 und
804 4569 896 4635 ιίαίιει)
916 4568 985 4636 meist
1011 4585 1047 4632 er,
1073 4566 1131 4634 dost
1157 4585 1184 4621 es
1211 4565 1328 4619 διιεοίιιιί
1354 4566 1415 4618 sein
1440 4563 1511 4618 ιοέαί
1536 4581 1589 4618 von
1609 4564 1658 4617 den

355 4670 469 4725 Γδίίιινιι
487 4670 515 4723 Σ
529 4679 563 4729 <
580 4673 605 4724 A
