3746 5536
720 483 804 538 3.-5.
822 483 1002 539 Βτυολιείίῖολτ.
1456 489 1516 554 15*

189 663 247 713 τοῦ
266 655 511 729 μαρτνρουμένον
528 653 658 726 δυνάμει)
679 652 740 736 τῆς
770 643 856 733 πρὸς
889 641 1006 717 αὐτῶν
1036 651 1305 736 κατηγγελμένης
1327 656 1518 737 θεοσεβείας

175 743 493 836 καταπλὴόαντες.
529 750 599 817 οἵδε
620 753 720 835 γοῦν
719 761 738 826 <
741 755 864 814 ἐπόπται
882 759 1033 828 γενόμενοι
1050 765 1107 814 τῶν
1124 759 1189 816 τότε
1207 758 1432 830 πεπραγμένων)
1452 751 1519 840 τὴν

192 843 324 930 αὐτοῖς
355 841 549 935 ὀφθαλμοῖς
578 857 861 948 καταληφθεῖσαν
886 857 1143 937 παλιγγενεσίαν
1165 867 1239 931 ταῖς
1261 849 1396 920 ἑαυτῶν
1417 857 1518 940 παρέ-

193 953 322 1044 όονκαν
340 954 547 1066 μαρτυρίαις.
591 941 652 1018 οόκ
675 947 717 1034 ἠν
732 945 794 1036 γὰρ
818 943 934 1028 αότοῖς
955 947 1031 1036 ἀχρι
1053 945 1156 1036 λόγου
1178 955 1234 1018 καὶ
1255 955 1375 1038 φωνῆς
1396 946 1517 1021 ἀκουό-

192 1075 285 1136 μενα
309 1046 353 1117 τὰ
375 1042 609 1166 πραττόμενον,
638 1042 710 1116 ἀλλ’
734 1040 798 1134 666
819 1049 912 1115 καὶ”
897 1075 1006 1135 εργοις
1028 1052 1211 1135 ἐθεονρεῖτο
1234 1055 1289 1118 καὶ
1313 1046 1517 1138 έψηλαφᾶτό
1552 1059 1568 1112 5

192 1175 231 1235 γε
259 1142 412 1235 ἀκριβῶς
442 1144 529 1232 πρός
559 1152 632 1216 τῶν
660 1150 767 1215 ταῦτα
789 1143 1108 1236 μεμαρτυρηκότων
1151 1146 1203 1218 όιὸ
1227 1146 1268 1235 66
1291 1155 1346 1216 καὶ
1369 1145 1517 1239 αὐτοψίᾳ

192 1252 254 1316 καὶ
288 1242 450 1365 ἀληθείᾳ
467 1243 509 1316 τὸ
529 1248 678 1334 ἐναργὲς
708 1241 952 1364 κατειληφότες
983 1255 1038 1316 καὶ
1069 1252 1130 1335 τῆς
1159 1247 1249 1319 κατὰ
1276 1253 1340 1318 τοῦ
1362 1245 1518 1318 θανάτου

194 1352 299 1434 νίκης
322 1343 366 1415 τὰ
388 1340 537 1431 τρόπαια
560 1349 771 1430 τεθεαμένοι,
799 1341 942 1426 εἰκότως
965 1347 1095 1466 ἔμαθον
1116 1365 1350 1434 καταφρονεῖν
1371 1353 1434 1417 τοῦ
1456 1356 1517 1417 θα-

195 1441 321 1529 νᾶτου,
345 1438 451 1514 ταύτό
474 1448 509 1514 όὲ
531 1451 587 1514 καί
610 1442 690 1524 τοὺς
712 1439 829 1514 αὐτῶν
853 1445 1018 1534 φοιτητὰς
1040 1448 1225 1530 έόίόασκον,
1255 1452 1316 1535 τῆς
1339 1443 1518 1518 ἀθανάτου

196 1550 294 1634 ζωῆς
316 1542 409 1630 παρὰ
432 1548 495 1614 τοῦ
517 1548 673 1630 σωτῆρος
695 1531 933 1632 εἰληφότες
896 1574 938 1615 τα
961 1549 1105 1634 ἐχέγγυα.
1535 1555 1568 1608 10

633 1771 660 1828 4.
683 1763 891 1830 Βτυοίιείίίοίτ.
933 1767 1000 1831 Aus
1023 1767 1090 1832 IV2.

82 1925 177 1978 A13v
288 1912 443 1994 ἐπίδοξος
473 1901 515 1997 ἦν
547 1939 597 1991 τις
629 1905 713 1995 ἀνὴρ
737 1915 810 1979 τῶν
831 1914 868 1978 ἐν
891 1918 1091 1998 στρατείαις,
1123 1907 1316 2000 ἀξιώματος
1338 1919 1393 1980 καὶ
1416 1906 1518 2000 ἀρχῆς

85 2018 177 2073 Σ124
195 2002 386 2098 Ῥωμαϊκῆς
408 2012 655 2097 ἐπειλημμένος.
699 2007 813 2096 ἐπειδὴ
836 2013 872 2079 δὲ
895 2003 913 2078 6
936 2013 1059 2093 δοῦλος
1081 2007 1186 2081 αὐτοῦ
1218 2008 1354 2099 γνήσιος
1372 2007 1518 2098 πόρετος

200 2106 247 2179 τὰ
270 2114 354 2197 μέλη
375 2111 462 2178 οίκσι
484 2113 637 2196 βέβλητο,
660 2108 807 2177 συνιόών
829 2112 901 2192 σίας
923 2104 1072 2199 όσωτὴρ
1089 2116 1134 2193 είς
1150 2111 1285 2199 ἑτέρους
1299 2113 1516 2181 ἐπεδείκνυτο

200 2203 369 2297 δυνάμεις,
393 2207 537 2296 ἐσόμενος
553 2208 633 2289 τούς
647 2202 850 2295 κάμνοντας,
877 2207 1007 2280 »πᾶσάν
1029 2238 1068 2281 τε
1084 2208 1188 2282 νόσον
1210 2216 1266 2280 καὶ
1286 2215 1399 2280 πᾶσαν
1413 2221 1517 2298 μαλα-
1536 2223 1568 2276 15

199 2305 347 2378 κίνυντ’
326 2303 521 2394 ακούμενος,
545 2311 693 2395 λογισμῷ
716 2314 834 2395 κρίνας
854 2308 899 2398 μὴ
920 2303 996 2381 κατ’
1018 2309 1209 2397 ἄνθρωπον
1232 2306 1375 2380 εἶναι
1340 2337 1380 2378 το
1402 2315 1517 2399 θαῦμα

200 2402 381 2498 πρόσεισιν
403 2437 452 2528 ωἶς
473 2411 556 2494 θεῷ,
588 2401 649 2476 οόκ
671 2411 717 2487 είς
740 2405 780 2476 τὸ
812 2405 1022 2530 φαινόμενον
1043 2406 1177 2480 ἀπιδών
1200 2415 1262 2480 τοῦ
1284 2409 1442 2531 σηόματος
1464 2402 1517 2496 όρ·

200 2534 319 2594 γανον,
343 2499 384 2577 δι’
408 2497 448 2577 06
470 2504 532 2586 τὰς
554 2499 686 2593 ὁμιλίας
708 2501 908 2593 ἀνθρώποις
929 2512 1087 2594 ἐποιεῖτο,
1110 2515 1155 2590 εἰς
1171 2507 1261 2579 δὲ
1226 2505 1417 2597 τονάφανη
1401 2507 1517 2579 θεὸν

200 2602 268 2676 τὸν
290 2603 343 2675 όιόι
366 2609 429 2676 τοῦ
451 2610 585 2694 θνητοῦ
608 2602 670 2687 τόις
692 2602 859 2690 οίκείας’
839 2607 960 2696 αρετόις
982 2604 1232 2694 ἀποφαίνοντα.
1266 2607 1318 2680 διὸ
1341 2619 1516 2690 (προσέπεσε

198 2717 252 2772 καὶ
270 2716 465 2787 προσεκύνησε
482 2719 531 2774 καί
549 2717 694 2788 λιπαρῶν)
718 2709 825 2779 ἐδεῖτο
847 2715 902 2777 καὶ
926 2705 1029 2790 αὐτὸς
1051 2712 1105 2778 ἐπὶ
1129 2714 1178 2798 τῷ
1201 2714 1295 2779 παιδί
1318 2715 1379 2797 τῆς
1401 2716 1516 2799 θετκῆς
1534 2719 1568 2774 20

201 2803 389 2896 εὐεργεσίας
411 2826 532 2894 τυχεῖν.

615 3019 642 3077 5.
664 3009 873 3076 Bruchstiiek.
917 3013 983 3075 Aus
1005 3010 1107 3077 lvm.

77 3165 183 3222 Amr
286 3151 364 3245 μεθ’
386 3149 466 3247 όσης
486 3163 547 3248 μὲν
570 3161 649 3238 (οὖν)
672 3160 822 3242 ἐξουσίας
844 3153 864 3246 6
887 3161 949 3226 τοῦ
971 3162 1126 3245 σωτῆρος
1146 3155 1394 3246 προενήνεκται
1414 3159 1515 3250 φωνὴ

78 3258 165 3316 Σ124
202 3263 287 3338 (ὅσην
305 3287 336 3324 τε
357 3265 462 3340 ἀρετὴν
480 3268 670 3340 παρέστησεν)
693 3253 823 3344 ὁπόσης
853 3284 890 3326 τε
920 3253 1129 3345 πεπλήρωτο
1160 3252 1333 3345 δυνάμεως
1363 3253 1446 3331 ὅσον
1478 3289 1514 3330 τε

202 3371 279 3438 (καί)
302 3356 343 3429 τό
375 3357 628 3447 φιλάνθρωπον
658 3366 714 3428 καί
745 3353 929 3446 πρόχειρον
951 3363 997 3440 είς
1019 3352 1220 3444 εὐεργεσίαν,
1253 3353 1301 3439 σός
1322 3361 1357 3443 ἐξ
1380 3360 1514 3446 ἑτοίμου
1531 3362 1566 3417 25

202 3463 467 3549 ἐπαγγείλασθαι
489 3457 553 3547 τὴν
575 3455 681 3528 αὐτοῦ
702 3464 900 3545 παρουσίαν,
923 3455 1000 3527 οἷον
1023 3461 1135 3528 δὲκαὶ
1158 3455 1198 3528 τὸ
1223 3462 1337 3545 θαῦμα
1352 3464 1412 3546 τῆς
1427 3455 1515 3543 εόερ·

290 3662 402 3718 ιε-ει
422 3687 455 3704 =
469 3663 690 3716 Στεειε-εειε
777 3661 859 3716 τεν.
880 3660 936 3730 vgl.
955 3660 1047 3716 υσιιι
1064 3659 1130 3716 εσυ.
1221 3661 1257 3715 ιε
1284 3660 1340 3729 vgl.
1358 3661 1449 3716 Matth
1466 3663 1513 3714 ιιι

204 3763 303 3820 εο-ε.
318 3764 362 3825 ιε,
376 3764 413 3819 ει
428 3789 461 3806 =
474 3763 711 3820 ,εστιν-τετε
775 3762 863 3820 εον.
880 3762 937 3831 vgl.
955 3761 1047 3816 πεπυ
1064 3761 1129 3816 suff.

287 3950 305 4004 2
324 3945 495 4003 ἐπόπται-
513 3945 723 4020 πεπραγμένων
740 3957 774 4006 <
792 3947 816 4002 A
834 3945 877 4000 όίε
894 3947 1092 4014 Αιιςειικειεμεη
1109 3963 1200 4000 κανων
1218 3946 1320 4008 dassen,
1337 3962 1394 3999 εσσε
1405 3945 1512 4000 όοιπσίε

198 4048 314 4118 φιττίισό
332 4051 360 4102 Σ
411 4049 425 4104 ί
448 4047 480 4103 τό
498 4044 625 4122 ἐναργές]
644 4049 813 4103 Adverbium
834 4049 862 4102 Σ
910 4043 1036 4102 θταέπό
1055 4048 1084 4100 Σ
1098 4047 1155 4101 Mai
1172 4045 1277 4103 ταύτόν
1293 4050 1319 4102 A
1362 4049 1474 4116 Ικαί<
1488 4051 1517 4102 Σ

202 4152 240 4207 12
258 4169 299 4216 τις
316 4149 414 4206 Mais
429 4145 446 4206 6
463 4153 490 4204 A
525 4152 563 4206 18
581 4146 598 4206 6
615 4149 674 4204 Mai
691 4158 725 4209 <
742 4151 767 4203 A
809 4149 939 4218 Ιόοῦλος]
960 4148 996 4205 ob
1014 4144 1094 4214 υλόςλ
1111 4165 1209 4219 wegen
1226 4151 1340 4220 γνήσιος
1355 4150 1511 4205 Wendland

202 4252 237 4307 1⁷
257 4257 309 4308 τοῦ
328 4248 461 4320 σώματος
479 4248 589 4308 ἀπιδὼν
605 4272 640 4300 ω
658 4252 716 4306 Mai
786 4251 823 4308 18
841 4249 892 4306 τόν
909 4251 967 4305 Μαί
984 4260 1017 4311 <
1034 4253 1060 4304 A
1128 4252 1166 4306 19
1185 4249 1227 4306 όιό
1245 4259 1279 4312 <
1298 4253 1326 4306 Σ
1389 4251 1511 4325 Ιπροσέ-

199 4368 268 4410 πεσε
285 4383 319 4394 -
337 4353 475 4426 λιπαρῶν]
501 4354 549 4422 βτί
564 4371 594 4407 σν
610 4353 716 4418 wieder,
744 4353 821 4407 betete
838 4371 887 4406 νοτ
908 4353 968 4406 ihm
985 4369 1030 4418 σιτ,
1057 4353 1120 4421 (bat)
1147 4353 1205 4406 υπιί
1229 4370 1299 4422 νσπρ
1318 4356 1347 4406 Σ
1361 4364 1394 4414 <
1411 4358 1437 4410 A
1454 4356 1511 4410 Mai

201 4455 240 4512 23
258 4447 310 4512 οὖν
327 4455 355 4508 Σ
370 4464 403 4514 <
421 4458 445 4508 A
529 4455 534 4524 Ι
549 4456 754 4527 προενήνεκται
771 4453 930 4510 Wendland
949 4456 977 4508 Σ
991 4456 1219 4536 προσενήνεκταιΙ
1230 4458 1257 4509 A
1330 4456 1369 4511 24
1391 4451 1460 4526 όσην
1478 4487 1510 4496 -

199 4554 385 4628 παρέστησεν]
403 4557 463 4610 und
477 4557 573 4610 welche
597 4555 812 4624 Vorm'iqliehlceit
829 4575 859 4610 er
878 4557 981 4626 ηαπείρῖ
1002 4557 1050 4610 hat
1067 4558 1096 4609 Σ
1111 4565 1144 4616 <
1163 4561 1186 4610 A
1268 4557 1307 4614 25
1326 4559 1374 4613 καὶ
1392 4559 1421 4610 Σ
1436 4572 1467 4618 <
1486 4562 1511 4612 A

200 4659 238 4714 2ss
256 4651 418 4730 εόεργεοίας
436 4661 461 4714 A
479 4659 571 4713 Μιλίσί
589 4659 777 4728 (συνεργίαςῖ)
797 4660 824 4712 Σ
