3746 5536
352 493 408 560 18*
938 487 1078 542 Eusebius.

350 659 471 740 φοβοῦ·
515 647 583 724 ἀπὸ
615 657 677 722 τοῦ
711 657 771 721 νῦν
797 647 1007 740 ἀνθρώπους
1038 651 1093 735 έση
1118 655 1293 736 ζωγρῶνι·
1338 645 1434 734 [πρὸς
1457 653 1492 718 δὲ
1514 647 1660 728 πάντας·

349 759 445 826 δεῦτε
468 748 577 823 ὀπίσω
592 781 658 841 μου
673 758 728 820 καὶ
750 747 885 840 ποιήσω
907 746 992 836 ύμᾶς
1014 745 1118 830 ἀλιεῑς
1141 745 1360 835 ἀνθρώπων]
1384 754 1584 828 Γαλιλαίους
1606 747 1661 817 ἀν-

349 857 431 942 δρας
454 849 620 936 [εὐτελεῖς
644 846 832 939 ἀγροίκους]
857 846 957 921 ούδέν
978 857 1086 921 πλέον
1112 854 1173 937 τῆς
1196 846 1323 936 Σύρων
1346 853 1465 935 φωνῆς
1487 851 1661 935 ἐπισταμέ-

350 981 439 1036 νους,
468 947 552 1023 ἀλλὰ
575 956 631 1020 καὶ
653 947 694 1020 τό
716 947 922 1038 ἐπιτήδευμα
945 949 1109 1021 ταπεινόν
1132 957 1192 1030 <ml
1212 957 1332 1024 εὐτελὲς
1358 956 1419 1037 τῆς
1441 943 1565 1028 άλιείας
1587 976 1662 1035 μετ-

315 1059 551 1141 οερχομένους
582 1049 723 1133 εἰκότως
745 1045 764 1121 δ
787 1048 903 1138 σωτὴρ
923 1045 1019 1137 ἡμῶν
1042 1052 1210 1140 θηρευτὰς
1230 1047 1429 1138 ἀνθρώπων
1444 1055 1501 1118 καὶ
1515 1045 1661 1136 κήρυκας

350 1158 412 1241 τῆς
448 1147 554 1222 αύτοῦ
590 1157 804 1231 διδασκαλίας
840 1147 997 1238 ποιήσειν
1033 1154 1259 1239 ἐπηγγέλλετο
1303 1156 1359 1220 καὶ
1398 1153 1585 1237 πεποίηκεν
1622 1143 1661 1217 ού

350 1248 560 1340 ψευσάμενος
600 1249 665 1339 τήν
704 1245 897 1337 ὑπόσχεσιν,
939 1249 1104 1335 παριστὰς
1140 1256 1223 1320 θεοῦ
1264 1248 1405 1337 δύναμιν
1444 1247 1661 1337 ἐνεργητικήν

350 1346 549 1439 πράγματος
579 1356 691 1422 πᾶσαν
713 1346 916 1436 ἀνθρώπων
946 1346 1071 1437 ἀρετήν
1097 1348 1343 1430 καλύπτοντος.
1388 1354 1415 1418 εί
1437 1353 1497 1434 μἐν
1519 1346 1581 1436 γάρ
1604 1359 1661 1418 λο-

350 1457 444 1539 γίους
465 1449 562 1530 τινὰς
584 1456 640 1519 καὶ
662 1447 788 1534 σοφούς
804 1445 826 1539 ἢ
840 1456 895 1517 καὶ
912 1455 984 1519 τῶν
998 1449 1090 1534 παρὰ
1106 1446 1277 1531 Ἰουδαίοις
1294 1444 1495 1535 ἀνθρώπων
1511 1442 1661 1529 ἐνδόξων

254 1555 256 1560 ’
301 1567 334 1622 10
351 1559 406 1620 καὶ
438 1556 615 1621 πλουσίων
645 1544 901 1638 προσαγόμενος
933 1547 1069 1630 τούτοις
1090 1553 1251 1637 ἐκέχρητο
1275 1544 1488 1628 διδασκάλοις
1510 1553 1584 1615 τῶν
1607 1541 1668 1624 αύ-,

353 1655 415 1720 τοῦ
437 1647 561 1738 λόγων,
584 1645 649 1718 κάν
670 1645 758 1729 είκός
781 1640 823 1737 ἦν
846 1644 1161 1735 ἀνθρωπινώτερον
1187 1654 1438 1736 ἐπινενοὴσθαι,
1452 1646 1494 1717 τὸ
1516 1651 1660 1733 πρᾶγμα.

353 1742 446 1821 ούτω
477 1755 560 1836 γοῦν
590 1751 623 1818 σί
652 1755 791 1830 πλείους
822 1755 895 1818 τῶν
927 1744 1128 1836 ἀνθρώπων
1159 1748 1322 1820 εἰώθασιν
1352 1743 1609 1818 ὑποτάττεσθαι
1640 1739 1661 1831 ή

351 1845 516 1938 χρήμασιν
534 1843 601 1918 ἀπὸ
624 1855 802 1918 πλουσίων
825 1845 1056 1935 δελεαζόμενοι
1078 1843 1100 1936 ἢ
1115 1845 1231 1936 λόγων
1245 1855 1407 1937 περιβολῇ
1422 1854 1475 1916 καὶ
1492 1852 1661 1935 φαντασίᾳ

352 1953 473 2034 σοφίας
503 1944 724 2036 ἀπατώμενοι
745 1942 767 2035 ἢ
788 1943 955 2034 ὑπεροχὰς
987 1943 1138 2033 ἐνδόξων
1164 1947 1363 2035 προσώπων
1384 1943 1662 2034 καταπληττόμε-

301 2065 333 2117 15
351 2075 415 2118 νοι.
458 2040 477 2117 ὁ
500 2045 601 2134 δὲμὴ
624 2044 794 2128 τοιούτοις
815 2042 1024 2135 χρησάμενος
1046 2057 1224 2135 μαθηταῖς
1257 2044 1464 2118 τούναντίον
1486 2050 1521 2116 δὲ
1543 2050 1662 2133 πένησι

351 2154 409 2216 καὶ
430 2140 563 2232 ἀδόξοις
593 2152 648 2216 καὶ
681 2145 744 2216 τόν
775 2143 880 2234 λόγον
910 2144 1062 2228 ἰδιώταις
1083 2145 1209 2248 Σύροις
1238 2175 1276 2218 τε
1307 2145 1371 2235 τήν
1398 2144 1521 2276 φωνὴν
1542 2151 1597 2214 καί
1621 2142 1660 2214 τό

352 2346 535 2436 χρώμενος,
558 2344 601 2434 ἣν
623 2347 812 2430 ἐνεδείξατο
834 2352 958 2433 πρῶτα
980 2351 1041 2433 μὲν
1064 2352 1177 2466 φωνῇ
1189 2352 1247 2437 μιξι
1268 2313 1625 2435 προσκαλεσάμενος
1606 2340 1661 2412 αύ-

353 2445 434 2527 τούς
455 2453 510 2516 καὶ
534 2440 748 2524 ἀκολούθους
768 2439 875 2516 αύτοῦ
895 2467 1108 2532 καταστήσας
1134 2443 1280 2517 κάπειτα
1306 2442 1585 2533 ἐπαγγειλάμενος
1607 2467 1660 2512 σα-

303 2559 336 2612 29
354 2543 519 2633 γηνευτάς
541 2552 597 2613 καὶ
618 2557 743 2626 κήρυκας
764 2540 964 2634 ἀνθρώπων
986 2545 1140 2631 ποιήσειν
1163 2541 1296 2628 αύτούς,
1330 2542 1371 2616 ἵν’
1395 2540 1473 2616 ἀνθ’
1498 2535 1549 2612 ῶν
1571 2543 1661 2628 είχον

355 2642 506 2714 δικτύων
528 2641 691 2730 λαβόντες
712 2673 782 2733 παρ
816 2641 922 2713 αύτοῦ
944 2641 1008 2730 τήν
1031 2637 1099 2714 ἀπὸ
1122 2654 1300 2717 παντοίων
1322 2641 1439 2734 λόγων
1462 2649 1613 2731 νομικῶν
1629 2669 1665 2710 τε

354 2750 410 2814 καὶ
429 2748 695 2864 μροφητίικ>ῶν
718 2751 791 2814 τῶν
815 2772 851 2813 τε
875 2749 934 2831 τῆς
957 2746 1080 2812 ἐνθέου
1103 2749 1316 2827 διδασκαλίας
1343 2742 1450 2815 αύτοῦ
1480 2752 1713 2828 πλακείσανΣ
1725 2755 1777 2808 129

355 2841 506 2933 σαγήνην
528 2841 717 2966 ἐμβάλωσιν
740 2851 785 2927 εἰς
807 2841 873 2931 τήν
896 2848 959 2912 τοῦ
980 2838 1201 2932 ἀνθρωπείου
1222 2853 1297 2929 βίου
1312 2841 1491 2915 θάλατταν
1508 2850 1564 2912 καὶ
1579 2838 1668 2929 περι-

357 2939 507 3027 βάλωσιν
529 2935 631 3026 ὅσους
652 2941 694 3013 ἀν
710 2937 862 3033 εύρωσιν,
885 2948 1097 3031 πληροῦντες
1113 2941 1155 3014 τά
1171 2943 1303 3014 ἑαυτῶν
1319 2943 1437 3032 λογικὰ
1453 2951 1571 3015 δίκτυα
1584 2969 1667 3011 παν-

305 3057 338 3110 25
357 3040 417 3123 τὸς
439 3047 558 3129 γένους
580 3050 731 3130 λογικῶν
753 3041 893 3131 ίχθύων.

441 3136 527 3213 ἀλλά
550 3147 659 3212 ταῦτα
680 3150 750 3230 μέν,
775 3141 828 3214 διὰ
851 3147 970 3230 φωνῆς
996 3155 1085 3222 (τότε1
1109 3139 1306 3230 ἀκουόμενα,
1330 3141 1463 3232 ῥήματα
1485 3149 1541 3213 καὶ
1556 3136 1668 3228 ψόφοι

356 3248 413 3313 καὶ
435 3246 542 3311 πλέον
563 3237 712 3329 ύπήρχεν
735 3237 840 3314 ούδέν.
878 3249 939 3333 τῆς
961 3241 989 3316 δ
1012 3247 1134 3315 ἐνθέου
1157 3241 1331 3333 δυνάμεως
1353 3242 1394 3314 τό
1417 3245 1517 3331 ἔργον
1539 3237 1601 3311 ούκ
1623 3245 1668 3321 είς

357 3338 490 3430 μακρὰν
511 3338 761 3429 παρεστήσατο.
784 3338 870 3414 αύτά
892 3343 932 3432 δή
956 3350 1064 3415 ταῦτα
1088 3343 1130 3414 τά
1153 3344 1207 3414 διὰ
1230 3351 1304 3413 τῶν
1326 3339 1442 3430 λόγων
1463 3367 1668 3429 προηγορευ-

358 3445 442 3530 μένα
461 3457 533 3520 τοῑς
555 3441 664 3529 έργοις
679 3443 882 3526 ἐπιτελέσας,
907 3441 955 3526 ῶς
973 3448 1010 3516 ἐν
1024 3454 1139 3531 βραχεῖ
1152 3441 1268 3531 χρόνῳ
1285 3441 1349 3532 τήν
1365 3441 1543 3531 σύμπασαν
1565 3451 1667 3520 ίὸμοῡ1

308 3552 342 3607 30
360 3537 561 3626 ἀνθρώπων
592 3545 794 3632 οἰκουμένην
824 3552 924 3632 μυρία
954 3542 1073 3632 πλήθη
1104 3551 1178 3614 τῶν
1200 3548 1484 3632 σαγηνευθέντων
1505 3539 1572 3612 ἀπὸ
1595 3549 1668 3610 τῶν

360 3652 505 3720 <mmmm
522 3653 583 3718 καί)
603 3646 753 3712 ἰδιωτῶν
776 3642 914 3714 τούτων
936 3641 1072 3732 ἀνδρῶν
1098 3641 1290 3733 κτήσασθαι
1310 3649 1538 3731 πληρωθῆναί
1560 3670 1596 3712 τε
1619 3647 1669 3713 ἐκ·

359 3745 511 3828 κλησιῶν
541 3737 655 3813 πάντα
687 3738 797 3813 τόπον
817 3739 991 3833 Ἑλλήνων
1022 3773 1059 3814 τε
1081 3749 1136 3814 καὶ
1158 3740 1338 3830 βαρβάρων
1361 3741 1413 3812 διὰ
1436 3749 1515 3829 μίαν
1537 3746 1669 3828 ἐκείνην

430 3964 458 4018 l.
478 3963 496 4018 2
515 3961 587 4034 πρὸς
604 3991 637 4003 ·-
657 3959 820 4032 ἀνθρόιπων
838 3968 862 4018 Α
881 3974 913 4022 <
932 3965 960 4018 Σ
976 3966 994 4019 θ
1012 3961 1143 4028 εέπελεῖς,
1168 3962 1319 4036 ἀγροίκους
1336 3967 1360 4016 Α
1380 3973 1411 4021 <
1430 3963 1458 4014 Σ
1524 3963 1543 4017 4
1560 3963 1607 4016 καὶ
1628 3959 1669 4016 εύ-

360 4064 438 4129 τελές
456 4065 483 4116 Σ
496 4073 528 4123 <
546 4070 578 4120 Δ.
614 4065 710 4120 Besser
735 4067 784 4120 καὶ
810 4062 980 4132 ἐπιτήδευμα
999 4105 1006 4119 .
1024 4105 1031 4118 .
1051 4106 1056 4118 .
1076 4107 1081 4120 .
1100 4064 1132 4121 τὸ
1156 4072 1205 4133 τῆς
1227 4061 1334 4129 ἁλιείας
1354 4063 1512 4117 Wendland
1530 4064 1570 4131 (Σ
1585 4089 1617 4105 =
1636 4064 1669 4124 A)

361 4165 467 4234 θῆ<
488 4168 516 4219 Σ-
583 4167 619 4222 11
640 4164 949 4239 ἀνθρωπινώτερον-
969 4167 1099 4238 πρᾶγμα]
1116 4167 1173 4235 dast
1184 4167 1302 4236 jemand
1316 4167 1413 4231 meino,
1430 4164 1487 4232 δυβ
1504 4164 1669 4218 ιηωιεοίιίίιίι

362 4269 467 4324 ίιοιιιλιί
484 4269 526 4322 σοι’
541 4269 584 4322 δίο
604 4269 688 4323 δαείω
707 4271 735 4322 Σ
751 4273 795 4335 (=
813 4264 948 4324 ὑπονοεῖν
966 4271 1177 4338 πεπονῆσθαιλ)
1232 4270 1266 4324 17
1289 4263 1363 4341 ἐργῳ
1382 4297 1413 4306 -
1432 4263 1474 4336 ἢν]
1494 4283 1523 4319 er
1535 4265 1591 4332 ίὶοβ
1610 4267 1670 4319 sein

275 4349 279 4354 η
368 4371 447 4426 Werk
464 4372 584 4438 offenbar
601 4371 770 4437 ausleuckten
785 4371 812 4422 Σ
829 4365 1076 4440 ί-ί-ἐπιλάμψαςλ)
1129 4373 1169 4428 20
1185 4373 1310 4442 κη’ρικας
1326 4372 1353 4422 Σ
1367 4365 1491 4434 ἁλιεῖςΔ
1544 4371 1582 4424 22
1602 4387 1669 4436 προ-

364 4479 489 4543 φητικῶν
516 4473 554 4526 Gr
580 4475 777 4545 προγητῶνΑ
881 4474 919 4528 26
945 4471 980 4528 τὰ
1009 4491 1056 4528 vor
1082 4472 1126 4528 διὰ
1146 4481 1178 4537 ÷
1197 4472 1356 4527 Wendland
1449 4471 1577 4540 Ιτὸτε
1557 4472 1581 4501 v
1596 4474 1671 4529 <A

363 4576 403 4632 29
423 4572 538 4642 ὁμοῦ..
519 4576 542 4607 V
557 4585 590 4634 <
607 4579 632 4628 A
702 4575 741 4630 80
760 4573 992 4643 σαγηνειθέντων
1012 4575 1169 4630 Soharen
1149 4577 1172 4606 V
1188 4575 1231 4642 (=
1249 4572 1464 4642 σιναχθέντων.
1453 4575 1478 4640 )
1531 4573 1567 4627 81
1589 4573 1670 4640 πενή-

363 4696 421 4734 των
439 4678 531 4730 καί
511 4677 534 4711 ⁸¹
549 4677 622 4735 <A
689 4675 795 4743 ίεοδσβ
813 4693 887 4730 seme
904 4677 1025 4731 Κίνσίιωι
1043 4693 1081 4730 αιι
1091 4676 1182 4744 γἰδωιι
1204 4677 1301 4729 Οι·..ί
1321 4676 1437 4743 ,μοβιίίίί
1455 4675 1604 4728 ιειινδειι
1582 4675 1607 4706 V
