3746 5536
768 485 793 538 6.
812 485 991 540 Bruohstfiok.
1478 493 1534 559 χρ*

186 644 423 731 ἐπαγγελίαν
439 649 507 766 τής
529 655 586 716 θεῖ
573 651 646 734 ίκῆς
668 653 798 736 φωνῆς,
822 645 903 718 δι’“
886 641 924 738 ής
948 678 989 720 ου
980 645 1157 737 ’διδάξειν
1179 652 1260 735 τοῦς
1282 654 1406 724 ἑαυτοῦ
1426 663 1533 742 μαθη-

222 738 292 826 τάς,
316 737 390 814 άίλ
406 740 675 834 αῦτδςπυιήσειν
696 743 821 832 αῦτοῦς
843 744 955 831 άλιέας
977 743 1179 837 ἀνθρώπων
1201 749 1474 841 ἐπηγγείλατοῇ
1451 749 1532 824 ὥστ’

221 838 263 912 οῦ
283 848 440 930 προέγνω
471 841 579 933 μόνον
602 841 679 917 οῦδὲ
701 852 871 936 προέφησε
893 845 934 918 τό
956 855 1095 937 μέλλον
1127 846 1214 922 άλλά
1240 858 1294 921 καὶ
1317 854 1462 943 ποιητὴς
1483 871 1533 933 τῆς

218 952 384 1024 τηλικαύτης
400 952 534 1026 γνώσεως
560 940 811 1033 ἀποπέφανται,
842 949 917 1018 είπέ
945 977 983 1020 τε
1014 957 1064 1038 τῷ
1094 946 1188 1038 λόγῳ
1219 957 1272 1020 καί
1294 958 1457 1041 πεποίηκε
1480 962 1531 1045 τῷ

220 1047 317 1132 έργφ,
339 1051 529 1135 παρέστησέ
548 1074 586 1116 τε
610 1043 651 1117 τὸ
670 1051 795 1134 μέλλον
819 1046 873 1118 διὰ
895 1044 1064 1137 συμβόλου
1082 1077 1125 1119 κα
1126 1048 1284 1132 ὶείκόνος
1299 1058 1354 1121 καί
1369 1048 1410 1122 δι>
1425 1050 1531 1174 αῦτής
1565 1074 1581 1125 5

220 1149 386 1234 ἐνεργείας
408 1141 662 1236 ἀπεπλήρωσεν.
707 1165 779 1228 τοῖς
802 1145 865 1235 γὰρ
887 1143 993 1218 πάλαι
1018 1144 1190 1238 πρότερον
1212 1153 1248 1220 έν
1270 1159 1388 1243 σκοτίᾳ
1412 1153 1531 1240 φωτός

220 1241 382 1333 άλήθείας
403 1252 459 1317 καὶ
480 1252 567 1316 θεοῦ
584 1245 743 1342 γνώσεως
765 1250 801 1318 έν
823 1253 919 1318 νυκτὶ
942 1260 1212 1337 καταπονήθεῑσι
1233 1257 1288 1320 καὶ
1303 1224 1428 1340 μηδένα
1444 1252 1531 1343 πρὸς

220 1353 392 1434 σωτηρίαν
422 1352 582 1434 θηρεῦσαι
613 1337 848 1436 δεδυνημένοις
884 1343 1076 1435 έπιλάμφας
1112 1347 1154 1419 τό
1184 1347 1308 1421 ἑαυτοῦ
1338 1356 1462 1440 φέγγος
1493 1360 1530 1424 έν

219 1440 323 1535 ήμέρᾳ
352 1454 408 1516 καί
413 1453 522 1574 φωτὶ
545 1451 740 1534 γενομένοις
761 1443 981 1533 προστάττει,
1015 1443 1057 1516 οῦ
1085 1455 1128 1536 τῇ
1151 1455 1256 1540 οἰκείᾳ
1278 1447 1454 1540 ἐπιστήμη,
1478 1460 1528 1542 τῷ

219 1551 254 1616 δὲ
276 1541 383 1616 αῦτσῦ
404 1542 529 1634 ῥήματι
551 1551 767 1634 θαρσοῦντας
788 1542 983 1630 ἐπιβάλλειν
1010 1555 1060 1637 τῷ
1083 1555 1181 1639 βυθῷ
1204 1549 1247 1620 τὰ
1270 1555 1395 1622 δίκτυα.
1439 1555 1472 1624 οἱ
1494 1525 1561 1622 δὲ1
1549 1569 1581 1622 10

219 1650 368 1716 τοσαῦτα
390 1640 582 1733 συνήγαγον
603 1643 734 1733 ἰχθύων
756 1642 884 1734 πλήθη,
909 1640 956 1726 ως
979 1643 1299 1740 διαρρήγνυσθαι
1265 1677 1327 1738 μεν
1350 1648 1392 1721 τά
1408 1661 1571 1740 θηρευ

218 1742 296 1815 τικά
326 1737 468 1833 ὄργανα,
499 1742 709 1816 κινδυνεύειν
740 1747 774 1812 δὲ
806 1748 852 1827 εἰς
873 1743 983 1830 βυθὸν
1003 1764 1127 1834 χωρεῖν
1150 1743 1218 1818 άπδ
1241 1755 1303 1819 τοῦ
1325 1744 1459 1839 φόρτου
1486 1751 1528 1822 τὰ

216 1856 328 1916 πλοῖα.

300 1947 371 2015 έπεί
403 1949 438 2014 δὲ
469 1939 569 2014 ταῦθ
602 1936 713 2046 οῦτως
735 1955 921 2027 πραττόμενα
949 1945 1012 2016 τὸν
1043 1951 1177 2034 Πέτρον
1207 1952 1254 2030 εἰς
1284 1948 1445 2036 ἔκπληξιν
1472 1957 1527 2020 καὶ

217 2039 328 2130 φόβον
348 2039 389 2115 οῦ
410 2041 474 2115 τὸν
495 2042 645 2131 τυχόντα
667 2047 755 2135 ήγεν,
778 2042 865 2117 άλλδι
888 2043 997 2117 ταῦτά
1019 2065 1064 2131 σε,
1089 2051 1171 2133 φησὶ
1190 2046 1276 2132 πρὸς
1299 2043 1406 2119 αὐτὸν
1428 2043 1527 2119 όσω-
1546 2067 1577 2120 15

216 2139 289 2232 τήρ,
311 2140 414 2232 μήπω
430 2147 662 2232 έκπληττέτω.
691 2144 873 2216 παιδιαὶ
836 2175 899 2235 γαρ
915 2147 965 2216 ἔτι
983 2151 1092 2217 ταῦτα
1105 2152 1161 2216 καί
1175 2142 1377 2235 μελλόντων
1392 2145 1526 2232 εἰκόνες

215 2246 283 2314 οίδε
331 2250 392 2332 μὲν
440 2241 502 2331 γάρ
544 2241 658 2331 ἰχθύες
709 2244 849 2317 άναυδοι
900 2252 955 2315 καὶ
999 2244 1120 2332 άλογοι
1162 2252 1218 2316 καί
1261 2253 1370 2317 ταῦτα
1412 2245 1525 2338 σκάφη

213 2334 269 2414 καί
292 2351 410 2415 δίκτυα
434 2346 469 2429 ἐξ
488 2339 621 2431 άιρύχσυ
641 2337 724 2434 ῦλης
745 2350 1043 2434 κατεσκευασμένα,
1067 2338 1140 2416 οἷλλ>
1162 2341 1203 2416 οῦ
1225 2351 1367 2416 τοιαῦτα
1387 2345 1525 2418 τούτων

214 2441 256 2512 τά
286 2449 548 2532 παραδείγματα.
590 2442 711 2533 μικρὸν
740 2450 824 2531 γοῦν
854 2438 1009 2531 ῦστερον,
1040 2450 1171 2532 μᾶλλον
1201 2451 1236 2516 δὲ
1268 2450 1430 2516 ἐντεῦθεν
1461 2443 1525 2536 ήδη
1583 2477 1587 2484 ·

104 2559 195 2616 A83v
211 2549 269 2612 καὶ
292 2538 380 2614 »άπὸ
402 2549 466 2613 τοῦ
489 2550 551 2613 νῦν
570 2539 778 2631 ἀνθρώπους
799 2545 856 2631 έση
879 2550 1051 2632 ζωγρῶνι,
1074 2549 1136 2632 τῆς
1156 2549 1217 2633 μὲν
1230 2552 1405 2636 μοχθηρᾶς
1419 2551 1428 2636 ἰ
1446 2545 1523 2619 ταύ-
1542 2563 1576 2617 20

212 2669 274 2730 της
303 2648 359 2712 καί
380 2637 582 2729 ἀνωφελοῦς
604 2639 809 2733 ἀπαλλαγεὶς
830 2639 964 2727 ἁλιείας,
996 2649 1146 2731 λογικῶν
1168 2649 1203 2713 δὲ
1226 2643 1328 2730 ζώων
1349 2641 1427 2716 άντὶ
1449 2654 1523 2718 τῶν

211 2737 346 2831 ἀλόγων
377 2741 547 2832 θηρευτὴς
577 2739 766 2832 γινόμενος,
796 2749 850 2813 καὶ
875 2738 990 2814 οῦκέτι
1012 2745 1049 2812 ἐκ
1069 2749 1189 2828 βυθῶν
1210 2740 1397 2834 θαλάττης,
1429 2751 1466 2818 έκ
1487 2753 1523 2818 δὲ

104 2835 193 2915 Σ13ἰ)
212 2847 272 2930 τῆς
302 2836 451 2932 άλμυρᾶς
482 2849 545 2914 τοῦ
566 2851 641 2929 βίου
670 2851 804 2931 πικρίας
825 2847 863 2914 έκ
885 2849 1034 2912 σκοτίων
1055 2871 1093 2912 τε
1114 2849 1231 2931 μυχιῦν
1253 2837 1446 2933 άθεότητος
1467 2855 1522 2918 καὶ
1550 2867 1558 2876 ·

210 2949 328 3024 κακίας
351 2947 396 3023 εἰς
419 2949 494 3028 φοῦς
518 2940 639 3030 νοερόν
659 2950 715 3014 καὶ
737 2940 893 3032 καθαράν
919 2941 1032 3030 πνοήν
1058 2936 1249 3024 άνελκύσεις
1270 2942 1351 3027 τοῦς
1372 2940 1439 3016 ῦπὸ
1462 2954 1523 3019 σοῦ

213 3047 542 3131 θηρευθησομένους,
565 3048 697 3130 μᾶλλον
720 3048 755 3113 δὲ
777 3038 960 3132 ζωγρήσας
981 3038 1106 3124 αῦτοῦς
1128 3041 1183 3112 διά
1206 3049 1269 3113 τοῦ
1291 3043 1385 3133 ζωήν
1407 3044 1523 3131 αύτοῑς
1541 3059 1573 3112 25

212 3136 284 3210 ἀλλ’
308 3137 348 3212 ού
369 3138 527 3214 θάνατον
549 3153 733 3231 προξενεῖν.
767 3146 799 3213 οί
820 3148 881 3231 μὲν
904 3139 967 3230 γάρ
988 3145 1025 3211 έκ
1039 3137 1208 3229 πελάγους
1225 3140 1339 3229 ἰχθύες
1354 3147 1391 3214 ἐν
1407 3145 1522 3237 σκότῳ

211 3249 267 3312 καὶ
298 3247 395 3330 βυθῷ
426 3238 598 3333 πρότερον
621 3251 748 3329 ζῶντες
779 3238 899 3313 αῦτίκα
930 3240 1048 3328 φωτὸς
1072 3247 1129 3311 καί
1159 3246 1269 3331 πνοῆς
1298 3240 1522 3332 μετασχόντες

212 3336 432 3426 ἀπόλλυνται,
455 3345 488 3413 σί
510 3348 545 3412 δὲ
567 3345 602 3426 ἐξ
623 3337 824 3429 οἷνθριάπων
844 3338 913 3414 ῦπὸ
936 3347 998 3414 σοῦ
1019 3338 1310 3429 θηρευθησόμενυι
1325 3346 1361 3411 ἐκ
1376 3342 1521 3429 σκότους

212 3434 349 3529 άγνοίας
370 3437 618 3530 μεταβαλόντες
639 3447 695 3514 ἐπὶ
718 3440 810 3530 ζωήν
832 3443 956 3513 ένθεον
979 3435 1256 3532 άγρευθήσονται.
1293 3439 1345 3511 διὸ
1366 3451 1422 3512 καί
1440 3455 1521 3530 »ζω-

211 3549 305 3630 γρῶν
327 3543 384 3630 έση
406 3537 474 3614 άπὸ
498 3549 561 3614 τοῦ
583 3549 645 3614 νῦν
667 3538 895 3630 άνθροόπουςι
921 3553 1042 3624 (φησίν).
1062 3547 1094 3629 []
1538 3555 1572 3610 30

294 3648 402 3712 ταῦτα
433 3649 529 3730 θεϊκῇ
552 3639 692 3730 δυνάμει
712 3638 962 3731 προηγόρευσεν
984 3637 1004 3714 6
1027 3638 1154 3731 σωτήρ,
1186 3645 1294 3711 ταῦτα
1316 3659 1390 3722 τοῖς
1411 3643 1521 3731 ἔργοις

209 3738 313 3810 πιστά
334 3749 390 3812 καὶ
413 3736 526 3831 άληθή
549 3745 716 3828 ἐπέδειξεν
739 3737 758 3812 6
781 3737 892 3826 αῦτός.
936 3737 955 3814 6
982 3749 1065 3831 γοῦν
1095 3736 1296 3828 άμφιβολεῦς
1326 3743 1468 3824 ἐκεῖνος,
1500 3738 1520 3814 6

210 3835 331 3925 ἁλιεύς,
355 3836 374 3912 6
397 3840 509 3928 Σῦρος
531 3838 608 3913 άντὶ
631 3848 692 3930 τῆς
714 3849 788 3913 τῶν
810 3839 943 3931 ἰχθύων
965 3837 1074 3931 θήρας
1097 3833 1176 3922 όσας
1190 3836 1391 3928 ἀνθρώπων
1406 3838 1520 3931 ἐσαγή-

294 4063 345 4118 20.
365 4063 403 4118 29
421 4087 455 4104 =
472 4061 533 4116 Luk
551 4063 596 4117 510

295 4257 396 4320 θοάτε
412 4263 438 4316 Α
486 4264 597 4331 Ιτῆς-
612 4258 786 4333 γνὼσεωςΣ
800 4271 851 4319 τοῦ
868 4261 1033 4333 τηλικούτου
1049 4259 1320 4335 κατορθώματοςΑ
1375 4263 1412 4318 14
1432 4280 1517 4336 πρατ-

208 4364 316 4435 τόμενα
335 4367 363 4420 Σ
377 4364 614 4437 προσταττόμενα
632 4369 656 4419 A
731 4365 766 4420 17
787 4363 843 4438 γάρ
862 4373 894 4431 -Ι-
913 4361 942 4420 οί
961 4364 1118 4420 Wendland
1183 4364 1291 4432 Ιταῦτα
1311 4371 1343 4429 -Ι-
1360 4361 1396 4419 τδι
1414 4362 1515 4420 Wend·

208 4467 274 4523 land
301 4468 359 4536 (Ich
381 4467 518 4522 vorstehe:
553 4467 651 4534 „Denn
677 4467 735 4522 dies
761 4466 872 4522 sind..
892 4467 1038 4522 ..Fischo
1063 4465 1121 4521 und
1149 4465 1207 4520 dies
1233 4463 1294 4518 sind
1312 4464 1429 4520 Schiffe“
1447 4505 1453 4518 .
1473 4505 1478 4518 .
1500 4467 1515 4534 .)

209 4569 249 4626 28
266 4563 402 4642 ἁλμυρᾶς]
420 4571 468 4624 δαν
485 4569 660 4637 Ηὰβίἰοίιίκύί
679 4570 708 4623 Σ
722 4569 766 4636 (=
783 4569 962 4640 μοχθηρᾶςλ)
999 4569 1038 4624 26
1057 4564 1283 4640 μεταβάλλοντες
1300 4569 1326 4620 Α
1361 4566 1400 4622 θθ
1417 4567 1514 4635 &praela

208 4687 237 4724 er
256 4671 284 4724 Σ
298 4680 332 4731 <
350 4675 374 4725 Α
392 4672 490 4726 Ζυεοίτ
509 4689 557 4725 aus
574 4670 708 4726 fremdem
725 4671 814 4726 Αυίυτ
830 4673 854 4723 A
924 4671 962 4726 82
982 4667 1068 4736 αὐτὸς
1085 4677 1117 4733 ÷
1135 4685 1219 4735 καερν
1236 4667 1347 4806 Ενῖἰίχεα·
1365 4668 1394 4720 Σ
